2902 4980
395 103 461 167 111.
480 107 511 165 2.
543 121 653 165 vaaaa
668 121 873 166 narraumca
888 118 1059 165 anonam.
1099 61 1100 64 Ἴ
1250 105 1312 165 545

145 275 185 361 ef
193 272 344 356 (dormivi
361 294 438 356 eg03
457 272 502 335 ita
517 269 647 346 nescivi,
665 271 792 353 quando
807 268 899 351 abiit)
915 270 1004 333 Mab.
1023 275 1053 345 2,
1073 277 1103 332 9.
1122 269 1170 333 mi
1181 270 1238 334 ath
1252 272 1309 335 ad-

144 381 284 445 nabuum
298 400 392 461 pann
412 377 470 464 yth
491 376 595 441 welcia
614 377 871 461 pyntchynneu
887 378 959 459 (ego
973 374 1108 457 cognovi
1122 386 1166 452 te,
1183 378 1311 459 quando

146 498 176 549 te
196 485 336 568 primurn
352 483 418 546 vidi
433 484 607 567 quondam)
625 486 655 557 2,
674 487 704 543 9.
736 486 766 542 2.
783 501 887 563 pers:
909 488 1062 563 qmauoat
1076 480 1113 544 di
1126 481 1310 565 (superasti)

128 578 132 584 ¹
148 599 175 668 1,
195 597 270 654 259.
301 596 331 652 3.
348 611 452 672 pers:
478 587 585 671 cpdan
609 586 700 671 wybu
714 607 758 669 yn
773 585 892 670 hyopys
907 587 954 667 (et
968 607 1042 649 cum
1056 585 1149 650 scivit
1162 591 1260 669 certo)
1278 591 1308 665 2,

147 702 197 760 12.
213 719 294 778 poa·
307 695 394 779 dycta
410 696 498 774 (cum
519 691 799 775 appropinquavit)
817 696 847 767 2,
869 698 940 753 197.
965 713 1004 753 oo
1024 713 1066 776 ny
1089 692 1166 776 orsu
1181 694 1227 773 (et
1245 714 1312 757 non

143 800 289 886 perfecit)
308 808 337 876 1,
357 805 408 861 24.
427 798 530 863 attia
545 819 625 861 crau
640 798 691 878 (tu
705 795 828 872 vicisti3
847 796 991 880 impers.)
1010 803 1039 872 1,
1059 801 1110 859 25.
1135 797 1242 880 ephan
1258 820 1310 862 ar-

141 929 250 991 pamm
262 909 394 988 (etcum
405 902 641 984 animadvertit)
658 910 686 978 1,
702 906 775 964 241.
792 903 839 987 yd
848 924 996 986 aryanuu
1007 902 1122 966 arthur
1132 912 1219 988 wynt
1229 905 1311 987 (ani-

142 1010 315 1076 madvertit
335 1011 376 1072 A.
394 1014 461 1090 cos)
482 1016 509 1086 1,
529 1013 580 1070 25.
605 1006 713 1090 aphau
729 1009 834 1071 (larua
848 1016 951 1092 vata
966 1010 1013 1088 (et
1026 1018 1195 1092 postquam
1210 1011 1310 1092 perse-

142 1128 234 1181 ctum
240 1116 302 1179 fuit
309 1114 504 1196 convivium)
517 1121 546 1191 1,
559 1120 610 1176 62.
628 1113 704 1177 ami
711 1113 842 1198 biciuuy
852 1113 945 1176 dinae
954 1136 994 1177 ar
1001 1114 1114 1180 castell
1119 1117 1165 1196 (et
1172 1136 1231 1199 ego
1238 1138 1310 1200 pos·

142 1222 211 1287 sedi
226 1221 380 1306 oppidum
392 1230 424 1282 et
435 1222 587 1302 castrum)
602 1224 632 1295 2,
647 1226 695 1281 14.
714 1242 752 1282 oo
762 1242 784 1282 a
795 1228 933 1283 ornarant
944 1224 1199 1303 (superaverunt)
1216 1228 1244 1298 1,
1256 1228 1307 1284 35.

481 1459 681 1541 Tempora
709 1456 969 1521 secundaria.

231 1647 340 1709 Praes.
366 1645 421 1727 Sg.
443 1651 472 1706 1.
489 1666 591 1728 pers:
609 1644 669 1727 pei
690 1665 853 1729 9999109.
874 1690 881 1704 .
902 1692 909 1705 .
934 1643 981 1707 mi
1000 1667 1021 1707 a
1040 1646 1247 1730 ymdidcnwn
1269 1647 1311 1729 (si

142 1751 269 1826 scirem,
283 1751 457 1831 narrarem)
473 1756 501 1826 l,
518 1756 591 1812 260.
603 1750 662 1833 pei
675 1770 855 1834 acqupwn
872 1747 919 1812 mi
932 1751 1132 1835 aedywedwa
1146 1751 1188 1832 (si
1202 1751 1237 1814 id
1251 1752 1309 1815 sci-

142 1879 222 1932 rem,
237 1856 373 1919 dicerem
382 1880 391 1930 3
409 1887 452 1908 =
464 1857 655 1941 quddwn,
674 1856 788 1935 denua)
802 1858 832 1929 2,
848 1858 921 1915 233.
948 1858 977 1916 2.
992 1875 1074 1937 pers.
1088 1876 1095 1915 :
1110 1855 1170 1936 pei
1180 1865 1312 1941 quput

141 1971 202 2048 ayt
215 1962 351 2025 emtedat
365 1961 406 2043 (si
421 1961 527 2037 scires,
545 1983 611 2023 non
626 1961 763 2039 sederes)
782 1966 811 2035 1,
827 1965 899 2021 286.
927 1965 956 2022 3.
973 1981 1076 2043 pera:
1095 1960 1155 2042 pei
1165 1962 1313 2045 ywyppei

145 2116 152 2129 .
172 2115 180 2129 .
198 2066 314 2152 ydonei
328 2067 368 2146 (si
384 2067 488 2142 sciret,
502 2065 637 2148 veniret)
655 2073 683 2142 1,
699 2070 749 2127 32.
774 2086 794 2127 α
809 2064 913 2149 wypea'
926 2065 991 2128 dim
1010 2069 1066 2147 (an
1081 2066 1160 2129 sciat
1175 2067 1309 2151 aliquid)

145 2179 174 2248 1,
197 2179 248 2234 10.
273 2180 331 2257 991
351 2173 410 2235 ced
429 2174 494 2257 dyo
515 2171 675 2254 aednapei
694 2194 715 2256 9
734 2171 818 2253 perd
837 2170 939 2233 donno
955 2172 1034 2251 (non
1056 2183 1124 2235 erat
1145 2172 1240 2236 homo
1255 2173 1311 2257 qui

141 2279 354 2360 cognoscebat
368 2288 499 2340 cantum
515 2276 614 2356 hunc)
629 2282 659 2353 2,
676 2283 748 2340 391.
761 2277 820 2359 pei
832 2275 960 2359 hanffci
971 2276 1046 2340 well
1055 2277 1096 2359 (si
1111 2279 1191 2341 bene
1206 2299 1239 2341 se
1253 2278 1310 2342 ha·

141 2384 244 2464 beret)
258 2387 288 2459 2,
305 2387 378 2445 240.
397 2405 433 2446 ον
448 2381 614 2466 kyuarffei
623 2405 644 2466 9
653 2391 763 2467 qunt
774 2383 816 2464 (si
826 2381 1034 2445 conveniebat
1044 2386 1173 2465 ventus)
1187 2391 1217 2461 3,
1233 2389 1308 2448 299.

143 2487 235 2551 Plur.
256 2494 286 2549 3.
303 2509 407 2570 pora:
432 2487 575 2573 hymaint
595 2488 655 2549 ced
672 2510 710 2551 cu
730 2489 855 2572 qutor
869 2509 907 2550 cc
921 2496 979 2550 not
993 2489 1052 2550 oed
1063 2491 1256 2573 ymadrawd
1271 2538 1278 2552 .
1299 2539 1306 2553 .

141 2615 202 2678 nyr
222 2603 376 2678 qupynt
390 2596 494 2674 (tanta
509 2602 576 2656 erat
590 2614 699 2657 eorum
715 2592 857 2670 scientia,
872 2603 989 2656 utnon
1004 2603 1087 2656 esset
1101 2593 1306 2678 colloquium,

142 2746 150 2760 .
173 2746 181 2760 .
200 2700 286 2781 quod
301 2698 472 2780 nescirent)
490 2706 520 2774 3,
539 2704 612 2761 299.

228 2804 396 2868 Praeteriti
418 2804 597 2867 secundarii
624 2806 770 2888 exempla
796 2827 863 2869 non
889 2817 1075 2882 occurrunt3
1101 2818 1178 2869 sunt
1198 2827 1308 2890 exspe-

140 2909 276 2972 ctandae
297 2908 384 2972 haud
408 2909 503 2972 dubie
525 2909 644 2973 formae
656 2910 854 2994 qorfuaccon,
870 2912 1085 2996 qorsuaaswa,
1104 2911 1305 2997 deificarum,

139 3014 336 3098 kansuaawo
351 3024 412 3077 etc.

229 3119 341 3181 Futur.
361 3118 416 3202 Sg.
437 3126 466 3181 3.
486 3142 588 3203 pars:
611 3143 653 3206 ny
669 3143 742 3186 wnn
757 3123 841 3186 inci
857 3145 894 3186 oe
906 3145 1019 3208 pwypo
1035 3124 1155 3205 (nescio
1169 3125 1308 3209 aliquem

141 3223 199 3307 qui
221 3223 255 3286 id
275 3223 415 3306 sciverit)
431 3226 519 3288 Mab.
539 3231 570 3301 2,
589 3231 662 3289 234.
688 3248 724 3289 or
746 3229 864 3314 brenya
888 3229 1003 3315 byeufo
1021 3229 1101 3315 cllyr
1116 3233 1149 3311 (a
1164 3252 1237 3314 rege
1252 3232 1307 3315 qui

138 3328 316 3414 possederit
337 3330 478 3413 curiam)
500 3332 578 3414 Leg.
601 3339 629 3393 1.
651 3338 700 3395 14.
720 3340 750 3396 5.
782 3356 838 3398 ene
865 3336 989 3419 pycufo
1010 3337 1129 3417 (donec
1148 3339 1204 3420 p.)
1225 3339 1304 3421 Leg.

142 3442 172 3496 1.
194 3442 245 3496 11.
265 3440 295 3496 6.
310 3436 375 3517 pob
391 3435 515 3499 caiueil
535 3458 571 3499 or
586 3439 754 3523 oqysarffo
770 3462 808 3501 ac
823 3440 864 3524 cf
872 3441 1019 3523 (quodvis
1035 3441 1153 3503 animal
1168 3464 1306 3525 quocum

138 3540 336 3623 convenerit)
350 3542 438 3603 Mab.
457 3548 485 3617 1,
502 3546 575 3605 293.
601 3545 690 3607 Plnr.
708 3551 736 3606 1.
755 3566 858 3628 pers:
876 3566 917 3629 9ν
930 3545 1085 3631 ymdidon
1097 3567 1195 3627 porca
1210 3570 1230 3609 a
1242 3570 1305 3633 wy-

131 3666 212 3728 pom
231 3645 349 3709 nicaea
364 3646 401 3709 ni
414 3669 452 3709 ac
467 3648 629 3732 dywedwa
645 3648 873 3731 (narrationem
889 3649 1052 3732 optimam,
1070 3672 1166 3732 quam
1181 3652 1305 3716 sciveri-

137 3772 224 3827 mus,
242 3751 383 3815 diccmus
398 3757 471 3834 nos)
487 3755 575 3816 Mab.
597 3762 625 3830 1,
645 3760 675 3817 2.

226 3855 486 3921 Infinitivus:
505 3859 552 3923 mi
565 3860 632 3943 aas
642 3861 766 3946 ywybot
773 3882 850 3945 pwy
864 3884 886 3945 y
899 3859 1078 3923 marciarce
1089 3863 1140 3943 (eo
1152 3864 1192 3925 ad
1203 3863 1304 3927 scien·

136 3962 228 4035 dum,
246 3961 318 4043 quis
333 3963 376 4027 sit
389 3966 498 4047 eques)
515 3966 603 4028 Mab.
619 3971 650 4041 2,
668 3973 717 4028 11.
736 3967 883 4042 adnabat,
901 3966 1004 4051 clybot
1018 3949 1230 4049 (cognoscere,
1248 3992 1304 4032 au·

136 4065 220 4147 dire)
233 4067 276 4149 sq.
295 4070 393 4152 dyuot
403 4070 681 4154 (appropinquare,
696 4071 816 4154 venire)
828 4073 872 4155 sq.
889 4081 1058 4158 99900019
1072 4072 1218 4161 vlwydyn
1232 4078 1304 4156 (du-

136 4183 229 4234 rante
244 4179 342 4256 anno)
363 4183 391 4251 1,
411 4179 483 4238 241.
505 4177 617 4261 9ωειῐ9
636 4186 751 4260 qoruot
770 4178 881 4262 arnafi
894 4182 1078 4261 (postquam
1099 4179 1175 4243 vicit
1189 4186 1254 4263 me)
1275 4191 1302 4258 1,

189 4285 254 4326 vor..
270 4273 293 4325 Ι.
1063 4289 1101 4343 35
