2896 4980
136 334 228 393 XXII
584 347 781 391 rasam'rro.

140 502 228 574 sitas
246 503 384 573 eadem.
419 500 571 594 quaein
596 500 720 571 codiee
738 499 899 571 Mariani
918 499 1016 571 Scoti
1043 498 1314 594 chronographi

141 623 263 693 adhuc
287 622 396 693 obvia
420 622 639 694 describitur
663 647 685 693 a
709 618 872 691 Waitzio
898 644 958 712 ap.
988 619 1109 690 Perta.
1142 622 1176 701 7,
1208 620 1309 714 494),

142 748 306 812 attamen
324 742 494 811 advoces
513 750 657 814 textum
675 739 892 822 Paulinum,
920 737 985 830 qui
1003 738 1173 819 minores
1202 760 1316 829 quam

142 868 229 930 sunt
254 858 382 930 solitae
411 860 594 953 capitum,
632 859 885 932 distinctiones
914 858 1044 939 habet,
1085 857 1248 929 numeris
1275 856 1315 928 in

141 978 308 1074 margine
325 978 505 1050 indicatas
523 989 560 1050 et
578 989 642 1050 aut
660 981 706 1050 ab
725 1003 800 1049 una
818 977 947 1072 majori
965 976 1072 1048 litera
1095 985 1159 1046 aut
1184 1002 1205 1046 a
1223 977 1315 1046 dua-

143 1098 228 1179 bus,
256 1097 373 1169 rarius
392 1097 550 1169 utribus
575 1095 897 1192 monogrammatis
920 1097 1034 1167 instar
1046 1095 1198 1190 junctis,
1222 1095 1316 1165 inci-

143 1216 286 1309 pientes
304 1216 344 1288 in
362 1217 505 1300 codice,
535 1240 626 1308 quas
650 1216 855 1312 significavi
881 1214 977 1311 typis
1001 1238 1145 1307 semper
1171 1215 1315 1284 duabus

142 1334 354 1431 majoribus.
402 1334 538 1406 Carent
562 1335 701 1431 glossis,
735 1344 888 1429 excepto
906 1358 981 1405 uno
1000 1333 1057 1405 vel
1076 1332 1190 1405 altero
1216 1333 1310 1415 loco,

143 1462 361 1549 argumenta
391 1454 517 1525 brevia
542 1454 705 1548 epistolis
729 1454 949 1548 praemissa,
990 1476 1085 1545 quae
1115 1453 1316 1523 ostendunt

142 1571 182 1643 in
207 1571 314 1643 initio
339 1580 378 1642 et
394 1573 468 1644 fine
486 1573 720 1667 praesertim.
752 1598 826 1644 non
844 1596 987 1666 semper
1004 1573 1044 1643 in
1061 1572 1201 1655 medio,
1230 1595 1315 1666 pro-

143 1690 261 1785 priam
284 1690 502 1785 scripturam
522 1691 704 1787 insignem
728 1692 894 1786 apicibus
920 1691 1108 1763 literarum
1139 1691 1249 1785 longe
1278 1698 1316 1762 et

143 1833 253 1881 curve
267 1811 465 1903 productis
488 1820 531 1882 ut
549 1813 596 1884 sit
614 1812 815 1883 similitudo
834 1812 1014 1903 quaedam
1033 1834 1117 1881 cum
1136 1809 1317 1902 scriptura

145 1929 410 2025 Meroringica.

247 2048 348 2120 Certi
366 2048 523 2142 aliquid,
547 2054 696 2144 quando
713 2051 995 2145 Wirziburgum
1016 2047 1159 2120 venerit
1176 2047 1237 2118 hic
1256 2070 1317 2117 eo-

144 2167 232 2250 dex,
255 2190 324 2238 nec
342 2167 551 2241 Eckhartus
568 2171 698 2243 statuit
715 2171 755 2241 in
771 2170 864 2251 loco,
887 2168 952 2239 ubi
970 2165 1088 2238 fusius
1105 2165 1251 2238 disserit
1268 2166 1314 2235 de

144 2309 188 2357 eo
219 2286 268 2379 (1,
297 2287 406 2382 452):
451 2290 467 2308 “
482 2288 614 2360 Sancte
641 2298 806 2360 servatur
827 2287 867 2358 in
893 2286 1067 2357 ecclesiae
1096 2284 1316 2357 cathedralis

144 2405 316 2475 thesauro
334 2429 435 2476 sacro
453 2405 547 2478 liber
564 2407 850 2502 evangeliorum,
880 2428 954 2497 quo
973 2405 1011 2475 S.
1034 2404 1210 2475 Kilianus
1227 2427 1317 2474 usus

144 2544 221 2593 esse
239 2522 390 2604 dicitur,
423 2525 653 2596 venerandus
671 2548 757 2596 sane
775 2527 823 2596 ob
841 2548 1021 2596 summam
1039 2522 1311 2614 antiquitatem.

145 2638 300 2713 Saeculo
318 2642 417 2714 enim
436 2644 591 2739 septimo
609 2643 725 2716 literis
742 2643 931 2736 quadratis
948 2642 1104 2736 scriptus
1122 2650 1194 2724 est,
1217 2641 1317 2711 Pan-

143 2759 259 2832 dectis
284 2760 506 2835 Florentinis
532 2772 652 2835 aetate
676 2787 761 2857 par,
790 2762 822 2834 si
848 2786 923 2834 uon
947 2761 1178 2856 superior...
1210 2757 1316 2830 Libri

154 2929 356 2939 ———-...-

144 2992 192 3045 sed
204 3001 232 3046 et
240 2993 347 3064 saepius
360 2994 495 3065 superflue
507 2996 599 3052 adest:
611 2995 910 3051 attoms'naa'ttbau.
931 2997 1039 3062 dorsera,
1050 2994 1231 3049 habundantio
1239 2994 1314 3048 Cam.

144 3077 243 3144 honera,
264 3079 376 3133 hostium
390 3081 454 3136 Wb.
475 3086 529 3136 200.
545 3086 599 3136 21⁰.
623 3082 786 3136 loucmimus
799 3085 841 3134 ll.
869 3099 950 3151 usque
968 3083 1004 3135 ad
1014 3082 1147 3134 hiliricum
1163 3080 1262 3152 (Illyr.)
1278 3085 1315 3134 6⁶.

144 3163 297 3218 bobrsndure
309 3166 347 3237 fq.
364 3166 468 3236 (eontra
479 3168 590 3232 abrstide,
605 3168 740 3221 aluredum
755 3168 808 3220 13¹².
823 3170 876 3219 25⁸.
891 3167 959 3238 ³1⁶).
984 3167 1053 3222 Inde
1066 3165 1176 3237 scriptio
1189 3175 1317 3219 constans

144 3249 186 3302 aa
195 3249 249 3319 qai,
264 3252 365 3304 dbckm
377 3253 485 3323 mepta
498 3271 546 3324 pro
559 3253 592 3306 iis
604 3253 658 3323 qui,
673 3252 775 3306 is'sdem.
804 3253 1023 3322 Praepositionas
1034 3252 1077 3317 ad,
1092 3270 1148 3316 con,
1163 3251 1191 3302 s'a
1203 3250 1231 3304 in
1244 3268 1318 3304 eom·

144 3334 280 3403 positione
291 3353 352 3388 raro
365 3338 542 3408 sequentibus
555 3339 681 3392 consonis
692 3337 855 3391 assimilatae
867 3337 1052 3392 inveniuntur.
1082 3337 1158 3407 Sigla
1169 3354 1183 3388 a
1195 3353 1244 3405 pro
1257 3355 1318 3389 con·

146 3418 200 3488 (vel
212 3437 289 3485 coru,
303 3422 392 3492 crs-7),
419 3423 586 3493 frequentior
597 3423 625 3476 in
638 3423 736 3493 glossis
756 3422 910 3487 hibernicis,
931 3423 1017 3477 rarior
1028 3430 1070 3476 est
1083 3422 1110 3475 in
1123 3430 1200 3475 textu
1213 3421 1315 3475 latino:

144 3503 261 3556 atamills
275 3505 467 3577 (contumeliis)
480 3507 544 3562 Wb.
554 3513 609 3563 200.
628 3509 704 3562 later
715 3508 864 3579 scripturae
877 3508 1037 3579 compendia
1049 3526 1128 3579 porro
1136 3527 1158 3577 p
1171 3525 1232 3560 cum
1246 3506 1318 3560 linea

144 3589 309 3658 supraducta
321 3599 363 3645 est
374 3609 508 3663 proprus,
519 3613 584 3663 pre:
609 3594 802 3665 pelicanorum,
817 3612 911 3665 paens
924 3594 988 3650 Wb.
1006 3597 1057 3647 13¹.
1075 3598 1127 3646 tu.
1146 3593 1319 3662 interpretur

148 3676 206 3739 12⁶,
221 3673 327 3729 hibern.
336 3684 437 3748 prepi,
446 3679 567 3748 pdchim
580 3679 618 3750 fq.
633 3696 738 3750 semper
750 3680 855 3734 reddidi
868 3686 986 3749 precept,
996 3680 1143 3748 predclim.
1175 3679 1227 3731 Pro
1239 3695 1258 3729 a
1271 3696 1318 3730 vo-

146 3759 197 3813 cali
210 3759 312 3814 lineola
324 3763 520 3819 semicirculata
531 3764 706 3836 superaddita
724 3783 806 3836 supra
825 3783 970 3819 consonam
983 3766 1120 3819 ueletiam
1133 3763 1253 3818 vocalem
1265 3763 1318 3816 fre·

145 3855 260 3916 quanter
272 3846 352 3901 obvia
363 3856 405 3902 est
416 3848 444 3903 in
458 3857 536 3904 textu
548 3850 633 3904 latino
646 3850 747 3904 codicis
760 3852 825 3905 Wb.
855 3851 889 3906 In
908 3852 1003 3906 eodem
1022 3860 1154 3922 punctum
1172 3866 1257 3903 unum
1270 3858 1319 3902 aut

145 3930 200 3985 duo
213 3932 285 3985 inter
303 3951 382 3988 voces
395 3936 423 3988 in
435 3937 525 3990 media
536 3936 681 3991 altitudine
693 3936 833 3990 literarum
845 3944 911 3990 suut
922 3937 982 3990 loeo
996 3937 1081 3990 nostri
1096 3937 1245 4000 commatis,
1261 3937 1317 3989 duo

144 4026 246 4087 puncta
259 4018 394 4073 interdum
406 4021 467 4075 loco
480 4022 574 4093 puncti
593 4022 680 4076 nostri
692 4021 719 4074 in
732 4021 822 4075 medio
834 4039 967 4076 sermone.
1000 4023 1075 4075 Finis
1087 4021 1196 4093 majoris
1209 4030 1317 4074 senten·

144 4103 199 4155 tiae
211 4103 253 4156 vel
266 4105 362 4175 capitis
381 4124 436 4159 uno
455 4115 557 4177 puncto
571 4126 631 4162 cum
644 4108 716 4161 linea
728 4124 810 4160 curva
827 4107 910 4160 simili
921 4114 1016 4160 nostro
1029 4107 1156 4162 commati
1168 4107 1315 4171 interdum,

144 4189 252 4257 saepius
264 4189 371 4244 duobus
385 4193 493 4263 punctis
512 4212 573 4247 cum
586 4193 680 4248 eadem
699 4191 770 4244 linea
785 4192 821 4263 (.,
837 4192 880 4246 rel
893 4230 900 4244 .
911 4232 917 4244 .
927 4193 959 4264 ,),
981 4193 1024 4247 vel
1042 4193 1151 4247 duobus
1169 4192 1212 4245 his
1231 4191 1318 4262 signis

140 4273 245 4344 junctis
258 4275 394 4330 ueletiam
406 4278 531 4348 pluribus
543 4279 661 4349 punctis,
677 4277 854 4348 significatur.
884 4277 918 4330 In
937 4278 997 4332 aliis
1017 4279 1157 4332 codicibus
1170 4276 1251 4331 etiam
1263 4277 1318 4331 alia

144 4360 309 4414 consociatio
328 4360 481 4429 invenitur,
508 4373 539 4418 ut
559 4385 583 4419 a
603 4364 711 4435 signum
728 4371 777 4417 aut
789 4364 872 4417 semel
883 4363 912 4417 in
924 4363 977 4418 fine
989 4365 1118 4436 positum,
1137 4370 1185 4416 aut
1197 4363 1315 4433 saepius,

144 4464 167 4499 e.
181 4464 223 4516 gr.
238 4453 287 4510 ter,
303 4443 403 4501 additis
414 4448 526 4520 insuper
539 4450 625 4504 tribus
637 4448 747 4521 punctis
762 4470 781 4503 s·
806 4448 888 4503 nudis
900 4450 943 4505 vel
955 4467 1017 4506 eum
1029 4450 1102 4504 linea
1113 4466 1204 4503 curra
