<?xml version="1.0" encoding="UTF-8"?>
<!DOCTYPE html PUBLIC "-//W3C//DTD XHTML 1.0 Transitional//EN"
    "http://www.w3.org/TR/xhtml1/DTD/xhtml1-transitional.dtd">
<html xmlns="http://www.w3.org/1999/xhtml" xml:lang="en" lang="en">
 <head>
  <title>
</title>
<meta http-equiv="Content-Type" content="text/html;charset=utf-8" />
  <meta name='ocr-system' content='tesseract 3.04.00' />
  <meta name='ocr-capabilities' content='ocr_page ocr_carea ocr_par ocr_line ocrx_word'/>
</head>
<body>
  <div class='ocr_page' id='page_1' title='image "./grammaticacelti00zeusgoog_0571.png"; bbox 0 0 2902 4980; ppageno 0'>
   <div class='ocr_carea' id='block_1_1' title="bbox 120 342 1236 405">
    <p class='ocr_par' dir='ltr' id='par_1_1' title="bbox 120 342 1236 405">
     <span class='ocr_line' id='line_1_1' title="bbox 120 342 1236 405; baseline -0.005 0"><span class='ocrx_word' id='word_1_1' title='bbox 120 342 182 405; x_wconf 83' lang='lat'>508</span> <span class='ocrx_word' id='word_1_2' title='bbox 226 342 294 404; x_wconf 93' lang='lat' dir='ltr'><strong>III.</strong></span> <span class='ocrx_word' id='word_1_3' title='bbox 313 346 344 403; x_wconf 84' lang='lat'>2.</span> <span class='ocrx_word' id='word_1_4' title='bbox 376 360 479 404; x_wconf 77' lang='lat' dir='ltr'>venat</span> <span class='ocrx_word' id='word_1_5' title='bbox 495 359 693 403; x_wconf 77' lang='lat' dir='ltr'>enrrnnnrcr</span> <span class='ocrx_word' id='word_1_6' title='bbox 709 358 821 402; x_wconf 75' lang='lat' dir='ltr'>Acervr</span> <span class='ocrx_word' id='word_1_7' title='bbox 837 356 999 403; x_wconf 73' lang='lat' dir='ltr'>ramora</span> <span class='ocrx_word' id='word_1_8' title='bbox 1014 356 1236 401; x_wconf 73' lang='lat' dir='ltr'>smunnamr.</span> 
     </span>
    </p>
   </div>
   <div class='ocr_carea' id='block_1_2' title="bbox 118 506 1274 906">
    <p class='ocr_par' dir='ltr' id='par_1_2' title="bbox 118 506 1274 906">
     <span class='ocr_line' id='line_1_2' title="bbox 119 506 1274 591; baseline -0.006 -17"><span class='ocrx_word' id='word_1_9' title='bbox 119 509 294 574; x_wconf 79' lang='lat' dir='ltr'>structione</span> <span class='ocrx_word' id='word_1_10' title='bbox 315 508 537 591; x_wconf 83' lang='lat' dir='ltr'><strong>impersonali:</strong></span> <span class='ocrx_word' id='word_1_11' title='bbox 562 530 611 571; x_wconf 85' lang='lat' dir='ltr'>me</span> <span class='ocrx_word' id='word_1_12' title='bbox 633 530 654 570; x_wconf 87' lang='lat' dir='ltr'>a</span> <span class='ocrx_word' id='word_1_13' title='bbox 671 508 755 570; x_wconf 82' lang='lat' dir='ltr'>laeso</span> <span class='ocrx_word' id='word_1_14' title='bbox 771 506 979 588; x_wconf 82' lang='lat' dir='ltr'>(relinquam)</span> <span class='ocrx_word' id='word_1_15' title='bbox 996 511 1028 583; x_wconf 88' lang='lat'>8,</span> <span class='ocrx_word' id='word_1_16' title='bbox 1050 513 1082 568; x_wconf 84' lang='grc'>7.</span> <span class='ocrx_word' id='word_1_17' title='bbox 1107 527 1158 569; x_wconf 81' lang='lat' dir='ltr'>mc</span> <span class='ocrx_word' id='word_1_18' title='bbox 1171 526 1274 587; x_wconf 80' lang='lat' dir='ltr'>compo</span> 
     </span>
     <span class='ocr_line' id='line_1_3' title="bbox 120 610 1273 698; baseline -0.003 -20"><span class='ocrx_word' id='word_1_19' title='bbox 120 616 250 697; x_wconf 90' lang='lat' dir='ltr'>(dicam)</span> <span class='ocrx_word' id='word_1_20' title='bbox 270 622 319 689; x_wconf 89' lang='lat'>18,</span> <span class='ocrx_word' id='word_1_21' title='bbox 340 620 391 676; x_wconf 83' lang='grc'><strong>24.</strong></span> <span class='ocrx_word' id='word_1_22' title='bbox 417 638 459 698; x_wconf 76' lang='lat' dir='ltr'>ny</span> <span class='ocrx_word' id='word_1_23' title='bbox 482 616 603 696; x_wconf 81' lang='lat' dir='ltr'>opeda</span> <span class='ocrx_word' id='word_1_24' title='bbox 618 617 777 697; x_wconf 84' lang='lat' dir='ltr'>(petemus</span> <span class='ocrx_word' id='word_1_25' title='bbox 799 615 942 694; x_wconf 83' lang='lat' dir='ltr'>nos)16‚</span> <span class='ocrx_word' id='word_1_26' title='bbox 963 617 995 672; x_wconf 84' lang='grc'>9.</span> <span class='ocrx_word' id='word_1_27' title='bbox 1020 634 1068 695; x_wconf 81' lang='lat' dir='ltr'>ny</span> <span class='ocrx_word' id='word_1_28' title='bbox 1090 633 1113 673; x_wconf 86' lang='lat' dir='ltr'>a</span> <span class='ocrx_word' id='word_1_29' title='bbox 1127 610 1213 694; x_wconf 83' lang='lat' dir='ltr'>caffo</span> <span class='ocrx_word' id='word_1_30' title='bbox 1227 614 1273 689; x_wconf 82' lang='lat' dir='ltr'>(ca-</span> 
     </span>
     <span class='ocr_line' id='line_1_4' title="bbox 118 714 1272 804; baseline -0.003 -23"><span class='ocrx_word' id='word_1_31' title='bbox 118 720 256 804; x_wconf 87' lang='lat' dir='ltr'>piemus)</span> <span class='ocrx_word' id='word_1_32' title='bbox 274 724 325 795; x_wconf 88' lang='grc'>32,</span> <span class='ocrx_word' id='word_1_33' title='bbox 346 725 376 781; x_wconf 93' lang='grc'><strong>2.</strong></span> <span class='ocrx_word' id='word_1_34' title='bbox 401 719 453 782; x_wconf 81' lang='lat' dir='ltr'>m&#39;z</span> <span class='ocrx_word' id='word_1_35' title='bbox 474 719 597 782; x_wconf 70' lang='lat' dir='ltr'>scaleno</span> <span class='ocrx_word' id='word_1_36' title='bbox 613 722 685 800; x_wconf 85' lang='lat' dir='ltr'>(nos</span> <span class='ocrx_word' id='word_1_37' title='bbox 706 739 743 782; x_wconf 86' lang='lat' dir='ltr'>ea</span> <span class='ocrx_word' id='word_1_38' title='bbox 757 716 939 799; x_wconf 79' lang='lat' dir='ltr'>audiemus)</span> <span class='ocrx_word' id='word_1_39' title='bbox 957 723 1010 793; x_wconf 81' lang='grc'>74,</span> <span class='ocrx_word' id='word_1_40' title='bbox 1030 720 1062 778; x_wconf 87' lang='grc'>8.</span> <span class='ocrx_word' id='word_1_41' title='bbox 1086 714 1154 802; x_wconf 74' lang='lat' dir='ltr'>hay</span> <span class='ocrx_word' id='word_1_42' title='bbox 1170 738 1190 778; x_wconf 85' lang='lat' dir='ltr'>a</span> <span class='ocrx_word' id='word_1_43' title='bbox 1201 716 1272 799; x_wconf 60' lang='lat' dir='ltr'>caelo</span> 
     </span>
     <span class='ocr_line' id='line_1_5' title="bbox 120 823 504 906; baseline 0.003 -21"><span class='ocrx_word' id='word_1_44' title='bbox 120 827 190 904; x_wconf 90' lang='lat' dir='ltr'>(vos</span> <span class='ocrx_word' id='word_1_45' title='bbox 204 823 366 906; x_wconf 87' lang='lat' dir='ltr'>videbitis)</span> <span class='ocrx_word' id='word_1_46' title='bbox 386 831 457 900; x_wconf 86' lang='lat'>100,</span> <span class='ocrx_word' id='word_1_47' title='bbox 476 830 504 886; x_wconf 90' lang='lat'>8.</span> 
     </span>
    </p>
   </div>
   <div class='ocr_carea' id='block_1_3' title="bbox 394 1132 1007 1404">
    <p class='ocr_par' dir='ltr' id='par_1_3' title="bbox 394 1132 1007 1404">
     <span class='ocr_line' id='line_1_6' title="bbox 394 1132 1007 1217; baseline -0.005 -21"><span class='ocrx_word' id='word_1_48' title='bbox 394 1135 636 1217; x_wconf 82' lang='lat' dir='ltr'>Tempora</span> <span class='ocrx_word' id='word_1_49' title='bbox 678 1132 1007 1196; x_wconf 79' lang='lat' dir='ltr'>seeundaria.</span> 
     </span>
     <span class='ocr_line' id='line_1_7' title="bbox 451 1339 953 1404; baseline -0.002 -1"><span class='ocrx_word' id='word_1_50' title='bbox 451 1342 641 1404; x_wconf 80' lang='lat' dir='ltr'>Praesens</span> <span class='ocrx_word' id='word_1_51' title='bbox 663 1339 953 1403; x_wconf 87' lang='lat' dir='ltr'>secundarium.</span> 
     </span>
    </p>
   </div>
   <div class='ocr_carea' id='block_1_4' title="bbox 117 1544 1275 2576">
    <p class='ocr_par' dir='ltr' id='par_1_4' title="bbox 117 1544 1273 2049">
     <span class='ocr_line' id='line_1_8' title="bbox 206 1544 1270 1631; baseline -0.006 -19"><span class='ocrx_word' id='word_1_52' title='bbox 206 1549 297 1631; x_wconf 81' lang='lat' dir='ltr'>Sing.</span> <span class='ocrx_word' id='word_1_53' title='bbox 319 1555 346 1608; x_wconf 86' lang='lat'>1.</span> <span class='ocrx_word' id='word_1_54' title='bbox 363 1568 447 1629; x_wconf 87' lang='lat' dir='ltr'>pers.</span> <span class='ocrx_word' id='word_1_55' title='bbox 471 1548 598 1610; x_wconf 88' lang='lat' dir='ltr'>Cambr.</span> <span class='ocrx_word' id='word_1_56' title='bbox 617 1548 693 1609; x_wconf 91' lang='lat' dir='ltr'>WN</span> <span class='ocrx_word' id='word_1_57' title='bbox 715 1549 772 1627; x_wconf 87' lang='lat'>(=</span> <span class='ocrx_word' id='word_1_58' title='bbox 791 1546 917 1609; x_wconf 86' lang='lat' dir='ltr'>hibern.</span> <span class='ocrx_word' id='word_1_59' title='bbox 935 1544 996 1620; x_wconf 71' lang='grc' dir='ltr'>-ἱη,</span> <span class='ocrx_word' id='word_1_60' title='bbox 1014 1565 1106 1607; x_wconf 88' lang='lat' dir='ltr'>eorn.</span> <span class='ocrx_word' id='word_1_61' title='bbox 1125 1566 1197 1629; x_wconf 71' lang='lat' dir='ltr'>·yn,</span> <span class='ocrx_word' id='word_1_62' title='bbox 1213 1566 1270 1618; x_wconf 73' lang='grc' dir='ltr'>-οπ,</span> 
     </span>
     <span class='ocr_line' id='line_1_9' title="bbox 121 1649 1273 1736; baseline -0.006 -20"><span class='ocrx_word' id='word_1_63' title='bbox 121 1676 189 1728; x_wconf 80' lang='lat' dir='ltr'>-on,</span> <span class='ocrx_word' id='word_1_64' title='bbox 207 1675 320 1716; x_wconf 88' lang='lat' dir='ltr'>armor.</span> <span class='ocrx_word' id='word_1_65' title='bbox 339 1656 416 1732; x_wconf 66' lang='lat' dir='ltr'>en).</span> <span class='ocrx_word' id='word_1_66' title='bbox 451 1650 666 1714; x_wconf 83' lang='lat' dir='ltr'>Indicativus:</span> <span class='ocrx_word' id='word_1_67' title='bbox 693 1651 890 1736; x_wconf 74' lang='lat' dir='ltr'>cedymdec&#39;tle</span> <span class='ocrx_word' id='word_1_68' title='bbox 912 1649 982 1734; x_wconf 75' lang='lat' dir='ltr'>ymt’</span> <span class='ocrx_word' id='word_1_69' title='bbox 1001 1650 1064 1713; x_wconf 79' lang='lat' dir='ltr'>oed</span> <span class='ocrx_word' id='word_1_70' title='bbox 1076 1650 1119 1733; x_wconf 65' lang='lat' dir='ltr'>cf</span> <span class='ocrx_word' id='word_1_71' title='bbox 1134 1650 1273 1733; x_wconf 78' lang='lat' dir='ltr'>mwyaso</span> 
     </span>
     <span class='ocr_line' id='line_1_10' title="bbox 117 1753 1273 1842; baseline -0.006 -21"><span class='ocrx_word' id='word_1_72' title='bbox 117 1780 230 1842; x_wconf 69' lang='lat' dir='ltr'>qarwn</span> <span class='ocrx_word' id='word_1_73' title='bbox 246 1780 282 1820; x_wconf 87' lang='lat' dir='ltr'>or</span> <span class='ocrx_word' id='word_1_74' title='bbox 298 1758 351 1841; x_wconf 71' lang='lat' dir='ltr'>hyl</span> <span class='ocrx_word' id='word_1_75' title='bbox 361 1756 479 1837; x_wconf 89' lang='lat' dir='ltr'>(socius</span> <span class='ocrx_word' id='word_1_76' title='bbox 494 1765 561 1818; x_wconf 89' lang='lat' dir='ltr'>crat</span> <span class='ocrx_word' id='word_1_77' title='bbox 576 1755 668 1831; x_wconf 89' lang='lat' dir='ltr'>mihi,</span> <span class='ocrx_word' id='word_1_78' title='bbox 683 1778 778 1839; x_wconf 89' lang='lat' dir='ltr'>quem</span> <span class='ocrx_word' id='word_1_79' title='bbox 792 1755 930 1820; x_wconf 86' lang='lat' dir='ltr'>maxime</span> <span class='ocrx_word' id='word_1_80' title='bbox 945 1756 1094 1818; x_wconf 85' lang='lat' dir='ltr'>amabam</span> <span class='ocrx_word' id='word_1_81' title='bbox 1109 1755 1145 1816; x_wconf 89' lang='lat' dir='ltr'>in</span> <span class='ocrx_word' id='word_1_82' title='bbox 1155 1753 1273 1831; x_wconf 91' lang='lat' dir='ltr'>mundo)</span> 
     </span>
     <span class='ocr_line' id='line_1_11' title="bbox 120 1861 1273 1944; baseline -0.004 -19"><span class='ocrx_word' id='word_1_83' title='bbox 120 1864 209 1925; x_wconf 87' lang='lat' dir='ltr'>Mab.</span> <span class='ocrx_word' id='word_1_84' title='bbox 231 1871 259 1938; x_wconf 89' lang='lat' dir='ltr'>l,</span> <span class='ocrx_word' id='word_1_85' title='bbox 279 1868 330 1925; x_wconf 87' lang='grc'>32.</span> <span class='ocrx_word' id='word_1_86' title='bbox 353 1861 519 1925; x_wconf 75' lang='lat' dir='ltr'>walckmei</span> <span class='ocrx_word' id='word_1_87' title='bbox 537 1869 595 1944; x_wconf 79' lang='lat' dir='ltr'>nyt</span> <span class='ocrx_word' id='word_1_88' title='bbox 615 1869 789 1924; x_wconf 70' lang='lat' dir='ltr'>atrocenwn</span> <span class='ocrx_word' id='word_1_89' title='bbox 811 1861 826 1924; x_wconf 69' lang='grc' dir='ltr'>ι’</span> <span class='ocrx_word' id='word_1_90' title='bbox 843 1861 915 1924; x_wconf 78' lang='lat' dir='ltr'>didi</span> <span class='ocrx_word' id='word_1_91' title='bbox 928 1862 1013 1940; x_wconf 87' lang='lat' dir='ltr'><strong>(W.,</strong></span> <span class='ocrx_word' id='word_1_92' title='bbox 1031 1881 1099 1922; x_wconf 89' lang='lat' dir='ltr'>non</span> <span class='ocrx_word' id='word_1_93' title='bbox 1123 1877 1273 1941; x_wconf 73' lang='lat' dir='ltr'>cognosce</span> 
     </span>
     <span class='ocr_line' id='line_1_12' title="bbox 119 1967 445 2049; baseline 0 -20"><span class='ocrx_word' id='word_1_94' title='bbox 119 1967 193 2030; x_wconf 83' lang='lat' dir='ltr'>bam</span> <span class='ocrx_word' id='word_1_95' title='bbox 208 1988 267 2049; x_wconf 86' lang='lat' dir='ltr'>ego</span> <span class='ocrx_word' id='word_1_96' title='bbox 281 1972 326 2049; x_wconf 93' lang='lat' dir='ltr'>tc)</span> <span class='ocrx_word' id='word_1_97' title='bbox 346 1975 374 2044; x_wconf 88' lang='lat'>1,</span> <span class='ocrx_word' id='word_1_98' title='bbox 394 1972 445 2029; x_wconf 93' lang='grc'><strong>25.</strong></span> 
     </span>
    </p>

    <p class='ocr_par' dir='ltr' id='par_1_5' title="bbox 120 2070 1275 2471">
     <span class='ocr_line' id='line_1_13' title="bbox 206 2070 1275 2156; baseline -0.007 -22"><span class='ocrx_word' id='word_1_99' title='bbox 206 2070 456 2154; x_wconf 87' lang='lat' dir='ltr'>Conjunctivus:</span> <span class='ocrx_word' id='word_1_100' title='bbox 479 2073 581 2156; x_wconf 72' lang='lat' dir='ltr'>qofyn</span> <span class='ocrx_word' id='word_1_101' title='bbox 602 2093 701 2134; x_wconf 75' lang='lat' dir='ltr'>aorrcc</span> <span class='ocrx_word' id='word_1_102' title='bbox 722 2072 764 2155; x_wconf 82' lang='lat' dir='ltr'>ef</span> <span class='ocrx_word' id='word_1_103' title='bbox 775 2070 966 2156; x_wconf 78' lang='lat' dir='ltr'>ymipaley</span> <span class='ocrx_word' id='word_1_104' title='bbox 981 2090 1135 2154; x_wconf 71' lang='lat' dir='ltr'>myrtoum</span> <span class='ocrx_word' id='word_1_105' title='bbox 1149 2074 1275 2152; x_wconf 77' lang='lat' dir='ltr'>cynete</span> 
     </span>
     <span class='ocr_line' id='line_1_14' title="bbox 120 2173 1274 2263; baseline -0.003 -24"><span class='ocrx_word' id='word_1_106' title='bbox 120 2177 269 2262; x_wconf 82' lang='lat' dir='ltr'>dywedut</span> <span class='ocrx_word' id='word_1_107' title='bbox 288 2200 441 2262; x_wconf 59' lang='lat' dir='ltr'>aoracum</span> <span class='ocrx_word' id='word_1_108' title='bbox 464 2178 548 2242; x_wconf 75' lang='lat' dir='ltr'>idae</span> <span class='ocrx_word' id='word_1_109' title='bbox 564 2199 613 2263; x_wconf 65' lang='grc' dir='ltr'>,οφ</span> <span class='ocrx_word' id='word_1_110' title='bbox 634 2198 703 2262; x_wconf 76' lang='lat' dir='ltr'>ryw</span> <span class='ocrx_word' id='word_1_111' title='bbox 722 2198 770 2240; x_wconf 77' lang='lat' dir='ltr'>tor</span> <span class='ocrx_word' id='word_1_112' title='bbox 789 2178 909 2240; x_wconf 83' lang='lat' dir='ltr'>oedwa.</span> <span class='ocrx_word' id='word_1_113' title='bbox 932 2175 1017 2259; x_wconf 79' lang='lat' dir='ltr'>aply</span> <span class='ocrx_word' id='word_1_114' title='bbox 1040 2174 1113 2238; x_wconf 74' lang='lat' dir='ltr'>beth</span> <span class='ocrx_word' id='word_1_115' title='bbox 1135 2173 1274 2258; x_wconf 66' lang='lat' dir='ltr'>cymbam</span> 
     </span>
     <span class='ocr_line' id='line_1_15' title="bbox 120 2279 1275 2367; baseline -0.002 -23"><span class='ocrx_word' id='word_1_116' title='bbox 120 2284 283 2364; x_wconf 85' lang='lat' dir='ltr'>(quaerere</span> <span class='ocrx_word' id='word_1_117' title='bbox 297 2283 401 2367; x_wconf 87' lang='lat' dir='ltr'>coepit</span> <span class='ocrx_word' id='word_1_118' title='bbox 415 2305 455 2346; x_wconf 82' lang='lat' dir='ltr'>ax</span> <span class='ocrx_word' id='word_1_119' title='bbox 469 2304 531 2359; x_wconf 88' lang='lat' dir='ltr'>me,</span> <span class='ocrx_word' id='word_1_120' title='bbox 547 2303 610 2365; x_wconf 92' lang='lat' dir='ltr'>quo</span> <span class='ocrx_word' id='word_1_121' title='bbox 621 2281 666 2345; x_wconf 88' lang='lat' dir='ltr'>ire</span> <span class='ocrx_word' id='word_1_122' title='bbox 677 2282 802 2358; x_wconf 86' lang='lat' dir='ltr'>vellem,</span> <span class='ocrx_word' id='word_1_123' title='bbox 817 2292 849 2344; x_wconf 88' lang='lat' dir='ltr'>et</span> <span class='ocrx_word' id='word_1_124' title='bbox 859 2281 963 2344; x_wconf 85' lang='lat' dir='ltr'>dicere</span> <span class='ocrx_word' id='word_1_125' title='bbox 974 2301 1045 2363; x_wconf 82' lang='lat' dir='ltr'>ego,</span> <span class='ocrx_word' id='word_1_126' title='bbox 1059 2279 1118 2364; x_wconf 89' lang='lat' dir='ltr'>qui</span> <span class='ocrx_word' id='word_1_127' title='bbox 1129 2280 1178 2343; x_wconf 84' lang='lat' dir='ltr'>vir</span> <span class='ocrx_word' id='word_1_128' title='bbox 1187 2298 1275 2342; x_wconf 83' lang='lat' dir='ltr'>essem</span> 
     </span>
     <span class='ocr_line' id='line_1_16' title="bbox 120 2387 760 2471; baseline 0.002 -22"><span class='ocrx_word' id='word_1_129' title='bbox 120 2398 152 2449; x_wconf 92' lang='lat' dir='ltr'>et</span> <span class='ocrx_word' id='word_1_130' title='bbox 166 2409 263 2471; x_wconf 90' lang='lat' dir='ltr'>quam</span> <span class='ocrx_word' id='word_1_131' title='bbox 277 2411 343 2452; x_wconf 86' lang='lat' dir='ltr'>rem</span> <span class='ocrx_word' id='word_1_132' title='bbox 359 2390 554 2471; x_wconf 84' lang='lat' dir='ltr'>quaererem)</span> <span class='ocrx_word' id='word_1_133' title='bbox 571 2387 658 2449; x_wconf 86' lang='lat' dir='ltr'>Mab.</span> <span class='ocrx_word' id='word_1_134' title='bbox 680 2393 708 2463; x_wconf 90' lang='lat'>1,</span> <span class='ocrx_word' id='word_1_135' title='bbox 731 2395 760 2450; x_wconf 89' lang='grc'>7.</span> 
     </span>
    </p>

    <p class='ocr_par' dir='ltr' id='par_1_6' title="bbox 206 2489 1273 2576">
     <span class='ocr_line' id='line_1_17' title="bbox 206 2489 1273 2576; baseline -0.005 -20"><span class='ocrx_word' id='word_1_136' title='bbox 206 2493 456 2556; x_wconf 70' lang='lat' dir='ltr'>conditionalis:</span> <span class='ocrx_word' id='word_1_137' title='bbox 476 2492 536 2573; x_wconf 78' lang='lat' dir='ltr'>pei</span> <span class='ocrx_word' id='word_1_138' title='bbox 556 2513 735 2575; x_wconf 70' lang='lat' dir='ltr'>asyroypwn</span> <span class='ocrx_word' id='word_1_139' title='bbox 756 2491 803 2554; x_wconf 76' lang='lat' dir='ltr'>mi</span> <span class='ocrx_word' id='word_1_140' title='bbox 820 2493 1021 2576; x_wconf 81' lang='lat' dir='ltr'>acdywedwn</span> <span class='ocrx_word' id='word_1_141' title='bbox 1044 2491 1086 2572; x_wconf 85' lang='lat' dir='ltr'>(si</span> <span class='ocrx_word' id='word_1_142' title='bbox 1107 2490 1141 2553; x_wconf 90' lang='lat' dir='ltr'>id</span> <span class='ocrx_word' id='word_1_143' title='bbox 1164 2489 1273 2562; x_wconf 86' lang='lat' dir='ltr'>scirem,</span> 
     </span>
    </p>
   </div>
   <div class='ocr_carea' id='block_1_5' title="bbox 119 2593 1278 3101">
    <p class='ocr_par' dir='ltr' id='par_1_7' title="bbox 119 2593 1276 2995">
     <span class='ocr_line' id='line_1_18' title="bbox 120 2593 1274 2681; baseline -0.003 -23"><span class='ocrx_word' id='word_1_144' title='bbox 120 2597 269 2678; x_wconf 83' lang='lat' dir='ltr'>dicerem)</span> <span class='ocrx_word' id='word_1_145' title='bbox 287 2599 374 2661; x_wconf 89' lang='lat' dir='ltr'>Mab.</span> <span class='ocrx_word' id='word_1_146' title='bbox 395 2602 425 2673; x_wconf 91' lang='grc'>2,</span> <span class='ocrx_word' id='word_1_147' title='bbox 445 2603 518 2658; x_wconf 83' lang='grc'><strong>233.</strong></span> <span class='ocrx_word' id='word_1_148' title='bbox 536 2597 596 2677; x_wconf 79' lang='lat' dir='ltr'>pei</span> <span class='ocrx_word' id='word_1_149' title='bbox 614 2597 762 2680; x_wconf 78' lang='lat' dir='ltr'>dyaeedut</span> <span class='ocrx_word' id='word_1_150' title='bbox 777 2597 803 2660; x_wconf 81' lang='lat' dir='ltr'>a·</span> <span class='ocrx_word' id='word_1_151' title='bbox 815 2598 916 2681; x_wconf 77' lang='lat' dir='ltr'>ymiy</span> <span class='ocrx_word' id='word_1_152' title='bbox 925 2597 1004 2678; x_wconf 74' lang='lat' dir='ltr'>pelle</span> <span class='ocrx_word' id='word_1_153' title='bbox 1020 2619 1040 2659; x_wconf 87' lang='lat' dir='ltr'>a</span> <span class='ocrx_word' id='word_1_154' title='bbox 1056 2593 1274 2680; x_wconf 78' lang='lat' dir='ltr'>ooynnasylti.</span> 
     </span>
     <span class='ocr_line' id='line_1_19' title="bbox 119 2700 1275 2786; baseline -0.003 -22"><span class='ocrx_word' id='word_1_155' title='bbox 119 2700 247 2765; x_wconf 75' lang='lat' dir='ltr'>rnr&#39;aneu</span> <span class='ocrx_word' id='word_1_156' title='bbox 267 2724 287 2764; x_wconf 88' lang='grc' dir='ltr'><em>α</em></span> <span class='ocrx_word' id='word_1_157' title='bbox 309 2703 470 2786; x_wconf 75' lang='lat' dir='ltr'>dyrcedwn</span> <span class='ocrx_word' id='word_1_158' title='bbox 491 2725 512 2786; x_wconf 77' lang='lat' dir='ltr'><em>y</em></span> <span class='ocrx_word' id='word_1_159' title='bbox 536 2700 634 2763; x_wconf 74' lang='lat' dir='ltr'>tithan</span> <span class='ocrx_word' id='word_1_160' title='bbox 654 2724 694 2785; x_wconf 79' lang='lat' dir='ltr'>yr</span> <span class='ocrx_word' id='word_1_161' title='bbox 714 2702 809 2764; x_wconf 74' lang='lat' dir='ltr'>drona</span> <span class='ocrx_word' id='word_1_162' title='bbox 825 2724 968 2786; x_wconf 79' lang='lat' dir='ltr'>oocynny</span> <span class='ocrx_word' id='word_1_163' title='bbox 984 2701 1095 2765; x_wconf 72' lang='lat' dir='ltr'>dictae</span> <span class='ocrx_word' id='word_1_164' title='bbox 1112 2701 1154 2782; x_wconf 89' lang='lat' dir='ltr'>(si</span> <span class='ocrx_word' id='word_1_165' title='bbox 1169 2701 1275 2764; x_wconf 84' lang='lat' dir='ltr'>diceres</span> 
     </span>
     <span class='ocr_line' id='line_1_20' title="bbox 121 2805 1276 2890; baseline -0.002 -21"><span class='ocrx_word' id='word_1_166' title='bbox 121 2819 157 2869; x_wconf 87' lang='lat' dir='ltr'>tu</span> <span class='ocrx_word' id='word_1_167' title='bbox 171 2808 251 2871; x_wconf 90' lang='lat' dir='ltr'>mihi</span> <span class='ocrx_word' id='word_1_168' title='bbox 273 2829 340 2870; x_wconf 87' lang='lat' dir='ltr'>rem</span> <span class='ocrx_word' id='word_1_169' title='bbox 355 2827 451 2887; x_wconf 87' lang='lat' dir='ltr'>quam</span> <span class='ocrx_word' id='word_1_170' title='bbox 466 2806 665 2888; x_wconf 84' lang='lat' dir='ltr'>interrogabo</span> <span class='ocrx_word' id='word_1_171' title='bbox 682 2819 724 2882; x_wconf 83' lang='lat' dir='ltr'>te,</span> <span class='ocrx_word' id='word_1_172' title='bbox 743 2828 801 2890; x_wconf 86' lang='lat' dir='ltr'>ego</span> <span class='ocrx_word' id='word_1_173' title='bbox 816 2807 952 2869; x_wconf 85' lang='lat' dir='ltr'>dicerem</span> <span class='ocrx_word' id='word_1_174' title='bbox 966 2806 1026 2869; x_wconf 87' lang='lat' dir='ltr'>tibi</span> <span class='ocrx_word' id='word_1_175' title='bbox 1041 2805 1074 2868; x_wconf 92' lang='lat' dir='ltr'>id</span> <span class='ocrx_word' id='word_1_176' title='bbox 1090 2808 1177 2889; x_wconf 90' lang='lat' dir='ltr'>quod</span> <span class='ocrx_word' id='word_1_177' title='bbox 1192 2807 1276 2868; x_wconf 86' lang='lat' dir='ltr'>inter·</span> 
     </span>
     <span class='ocr_line' id='line_1_21' title="bbox 119 2912 572 2995; baseline -0.004 -20"><span class='ocrx_word' id='word_1_178' title='bbox 119 2913 244 2995; x_wconf 81' lang='lat' dir='ltr'>rogabis</span> <span class='ocrx_word' id='word_1_179' title='bbox 259 2919 323 2991; x_wconf 88' lang='lat' dir='ltr'>me)</span> <span class='ocrx_word' id='word_1_180' title='bbox 341 2912 429 2973; x_wconf 83' lang='lat' dir='ltr'>Mab.</span> <span class='ocrx_word' id='word_1_181' title='bbox 450 2918 479 2987; x_wconf 90' lang='lat' dir='ltr'>l,</span> <span class='ocrx_word' id='word_1_182' title='bbox 499 2916 572 2973; x_wconf 82' lang='grc'><strong>237.</strong></span> 
     </span>
    </p>

    <p class='ocr_par' dir='ltr' id='par_1_8' title="bbox 205 3017 1278 3101">
     <span class='ocr_line' id='line_1_22' title="bbox 205 3017 1278 3101; baseline 0 -21"><span class='ocrx_word' id='word_1_183' title='bbox 205 3019 302 3080; x_wconf 85' lang='lat' dir='ltr'>Corn.</span> <span class='ocrx_word' id='word_1_184' title='bbox 321 3018 385 3080; x_wconf 90' lang='lat' dir='ltr'>YN</span> <span class='ocrx_word' id='word_1_185' title='bbox 402 3017 450 3096; x_wconf 88' lang='lat' dir='ltr'>(in</span> <span class='ocrx_word' id='word_1_186' title='bbox 473 3027 573 3099; x_wconf 86' lang='lat' dir='ltr'>praet.</span> <span class='ocrx_word' id='word_1_187' title='bbox 598 3018 727 3079; x_wconf 88' lang='lat' dir='ltr'>secund.</span> <span class='ocrx_word' id='word_1_188' title='bbox 746 3028 778 3079; x_wconf 87' lang='lat' dir='ltr'>et</span> <span class='ocrx_word' id='word_1_189' title='bbox 800 3018 893 3080; x_wconf 84' lang='lat' dir='ltr'>verbo</span> <span class='ocrx_word' id='word_1_190' title='bbox 913 3017 1115 3081; x_wconf 86' lang='lat' dir='ltr'>substantivo</span> <span class='ocrx_word' id='word_1_191' title='bbox 1136 3018 1278 3101; x_wconf 73' lang='lat' dir='ltr'>legamtur</span> 
     </span>
    </p>
   </div>
   <div class='ocr_carea' id='block_1_6' title="bbox 114 3121 1289 4474">
    <p class='ocr_par' dir='ltr' id='par_1_9' title="bbox 119 3121 1278 3415">
     <span class='ocr_line' id='line_1_23' title="bbox 120 3121 1278 3207; baseline -0.001 -23"><span class='ocrx_word' id='word_1_192' title='bbox 120 3121 216 3184; x_wconf 88' lang='lat' dir='ltr'>etiam</span> <span class='ocrx_word' id='word_1_193' title='bbox 239 3122 476 3185; x_wconf 88' lang='lat' dir='ltr'>terminationes</span> <span class='ocrx_word' id='word_1_194' title='bbox 492 3146 555 3197; x_wconf 80' lang='lat' dir='ltr'>-cn,</span> <span class='ocrx_word' id='word_1_195' title='bbox 574 3126 656 3203; x_wconf 65' lang='lat' dir='ltr'>on).</span> <span class='ocrx_word' id='word_1_196' title='bbox 689 3121 859 3185; x_wconf 90' lang='lat' dir='ltr'>Indicativi</span> <span class='ocrx_word' id='word_1_197' title='bbox 876 3123 1074 3205; x_wconf 85' lang='lat' dir='ltr'>exemplum:</span> <span class='ocrx_word' id='word_1_198' title='bbox 1101 3146 1145 3207; x_wconf 73' lang='lat' dir='ltr'>ny</span> <span class='ocrx_word' id='word_1_199' title='bbox 1158 3143 1278 3207; x_wconf 66' lang='lat' dir='ltr'>yowsya</span> 
     </span>
     <span class='ocr_line' id='line_1_24' title="bbox 119 3227 1277 3311; baseline -0.001 -22"><span class='ocrx_word' id='word_1_200' title='bbox 119 3249 162 3311; x_wconf 78' lang='lat' dir='ltr'>yn</span> <span class='ocrx_word' id='word_1_201' title='bbox 185 3228 340 3310; x_wconf 64' lang='lat' dir='ltr'>tcwolqow</span> <span class='ocrx_word' id='word_1_202' title='bbox 356 3232 435 3305; x_wconf 90' lang='lat' dir='ltr'>(non</span> <span class='ocrx_word' id='word_1_203' title='bbox 458 3229 608 3309; x_wconf 87' lang='lat' dir='ltr'>loquebar</span> <span class='ocrx_word' id='word_1_204' title='bbox 629 3227 664 3290; x_wconf 91' lang='lat' dir='ltr'>in</span> <span class='ocrx_word' id='word_1_205' title='bbox 685 3227 836 3309; x_wconf 89' lang='lat' dir='ltr'>tenebris)</span> <span class='ocrx_word' id='word_1_206' title='bbox 852 3230 942 3290; x_wconf 86' lang='lat' dir='ltr'>Pass.</span> <span class='ocrx_word' id='word_1_207' title='bbox 964 3234 1015 3303; x_wconf 84' lang='grc'>79,</span> <span class='ocrx_word' id='word_1_208' title='bbox 1034 3235 1065 3289; x_wconf 84' lang='grc'>4.</span> <span class='ocrx_word' id='word_1_209' title='bbox 1097 3228 1151 3289; x_wconf 83' lang='lat' dir='ltr'>Ad</span> <span class='ocrx_word' id='word_1_210' title='bbox 1167 3227 1277 3310; x_wconf 83' lang='lat' dir='ltr'>signifi·</span> 
     </span>
     <span class='ocr_line' id='line_1_25' title="bbox 119 3331 1276 3415; baseline -0.001 -22"><span class='ocrx_word' id='word_1_211' title='bbox 119 3333 257 3393; x_wconf 89' lang='lat' dir='ltr'>eandum</span> <span class='ocrx_word' id='word_1_212' title='bbox 270 3331 329 3394; x_wconf 90' lang='lat' dir='ltr'>hoe</span> <span class='ocrx_word' id='word_1_213' title='bbox 343 3345 467 3415; x_wconf 86' lang='lat' dir='ltr'>tempus</span> <span class='ocrx_word' id='word_1_214' title='bbox 480 3333 605 3415; x_wconf 86' lang='lat' dir='ltr'>saepius</span> <span class='ocrx_word' id='word_1_215' title='bbox 617 3343 787 3394; x_wconf 87' lang='lat' dir='ltr'>occurrunt</span> <span class='ocrx_word' id='word_1_216' title='bbox 796 3332 913 3394; x_wconf 78' lang='lat' dir='ltr'>ferinae</span> <span class='ocrx_word' id='word_1_217' title='bbox 921 3332 1085 3414; x_wconf 80' lang='lat' dir='ltr'>praeteriti</span> <span class='ocrx_word' id='word_1_218' title='bbox 1094 3332 1276 3395; x_wconf 83' lang='lat' dir='ltr'>secundarii.</span> 
     </span>
    </p>

    <p class='ocr_par' dir='ltr' id='par_1_10' title="bbox 114 3437 1280 3835">
     <span class='ocr_line' id='line_1_26' title="bbox 204 3437 1277 3519; baseline 0.001 -22"><span class='ocrx_word' id='word_1_219' title='bbox 204 3438 328 3498; x_wconf 86' lang='lat' dir='ltr'>Armor.</span> <span class='ocrx_word' id='word_1_220' title='bbox 345 3438 406 3499; x_wconf 90' lang='lat' dir='ltr'>EN</span> <span class='ocrx_word' id='word_1_221' title='bbox 418 3461 424 3498; x_wconf 93' lang='lat'>:</span> <span class='ocrx_word' id='word_1_222' title='bbox 444 3460 496 3499; x_wconf 87' lang='lat' dir='ltr'>ma</span> <span class='ocrx_word' id='word_1_223' title='bbox 511 3439 620 3501; x_wconf 64' lang='lat' dir='ltr'>dacrion</span> <span class='ocrx_word' id='word_1_224' title='bbox 636 3461 670 3499; x_wconf 80' lang='lat' dir='ltr'>ez</span> <span class='ocrx_word' id='word_1_225' title='bbox 684 3459 798 3500; x_wconf 82' lang='lat' dir='ltr'>manen</span> <span class='ocrx_word' id='word_1_226' title='bbox 814 3441 886 3519; x_wconf 85' lang='lat' dir='ltr'>(ego</span> <span class='ocrx_word' id='word_1_227' title='bbox 901 3437 988 3500; x_wconf 84' lang='lat' dir='ltr'>solus</span> <span class='ocrx_word' id='word_1_228' title='bbox 1000 3438 1186 3519; x_wconf 86' lang='lat' dir='ltr'>manebam)</span> <span class='ocrx_word' id='word_1_229' title='bbox 1199 3437 1277 3500; x_wconf 90' lang='lat' dir='ltr'>Buh.</span> 
     </span>
     <span class='ocr_line' id='line_1_27' title="bbox 122 3542 1280 3626; baseline 0.005 -26"><span class='ocrx_word' id='word_1_230' title='bbox 122 3546 172 3614; x_wconf 91' lang='grc'>12,</span> <span class='ocrx_word' id='word_1_231' title='bbox 193 3545 244 3601; x_wconf 81' lang='grc'><strong>20.</strong></span> <span class='ocrx_word' id='word_1_232' title='bbox 266 3563 305 3601; x_wconf 84' lang='lat' dir='ltr'>nc</span> <span class='ocrx_word' id='word_1_233' title='bbox 318 3542 425 3622; x_wconf 75' lang='lat' dir='ltr'>qellcn</span> <span class='ocrx_word' id='word_1_234' title='bbox 441 3563 515 3626; x_wconf 80' lang='lat' dir='ltr'>may</span> <span class='ocrx_word' id='word_1_235' title='bbox 532 3545 610 3621; x_wconf 91' lang='lat' dir='ltr'>(non</span> <span class='ocrx_word' id='word_1_236' title='bbox 625 3555 767 3625; x_wconf 88' lang='lat' dir='ltr'>poteram</span> <span class='ocrx_word' id='word_1_237' title='bbox 783 3544 933 3624; x_wconf 88' lang='lat' dir='ltr'>amplius)</span> <span class='ocrx_word' id='word_1_238' title='bbox 950 3548 1002 3618; x_wconf 84' lang='grc'>42,</span> <span class='ocrx_word' id='word_1_239' title='bbox 1023 3547 1074 3604; x_wconf 83' lang='grc'><strong>24.</strong></span> <span class='ocrx_word' id='word_1_240' title='bbox 1101 3552 1152 3606; x_wconf 82' lang='lat' dir='ltr'>ret</span> <span class='ocrx_word' id='word_1_241' title='bbox 1167 3566 1202 3606; x_wconf 85' lang='lat' dir='ltr'>co</span> <span class='ocrx_word' id='word_1_242' title='bbox 1217 3565 1280 3606; x_wconf 72' lang='lat' dir='ltr'>maz</span> 
     </span>
     <span class='ocr_line' id='line_1_28' title="bbox 118 3644 1280 3732; baseline 0.003 -25"><span class='ocrx_word' id='word_1_243' title='bbox 118 3644 284 3708; x_wconf 77' lang='lat' dir='ltr'>rm’m&#39;strea</span> <span class='ocrx_word' id='word_1_244' title='bbox 306 3646 399 3708; x_wconf 71' lang='lat' dir='ltr'>cusul</span> <span class='ocrx_word' id='word_1_245' title='bbox 418 3649 554 3727; x_wconf 84' lang='lat' dir='ltr'>(rectum</span> <span class='ocrx_word' id='word_1_246' title='bbox 575 3660 639 3723; x_wconf 84' lang='lat' dir='ltr'>cst,</span> <span class='ocrx_word' id='word_1_247' title='bbox 665 3659 701 3709; x_wconf 88' lang='lat' dir='ltr'>ut</span> <span class='ocrx_word' id='word_1_248' title='bbox 721 3669 845 3710; x_wconf 88' lang='lat' dir='ltr'>sumam</span> <span class='ocrx_word' id='word_1_249' title='bbox 866 3648 1049 3729; x_wconf 88' lang='lat' dir='ltr'>consilium)</span> <span class='ocrx_word' id='word_1_250' title='bbox 1067 3654 1121 3725; x_wconf 89' lang='grc'>20,</span> <span class='ocrx_word' id='word_1_251' title='bbox 1143 3656 1194 3711; x_wconf 83' lang='grc'>17.</span> <span class='ocrx_word' id='word_1_252' title='bbox 1217 3670 1280 3732; x_wconf 81' lang='lat' dir='ltr'>pan</span> 
     </span>
     <span class='ocr_line' id='line_1_29' title="bbox 114 3752 644 3835; baseline 0.004 -22"><span class='ocrx_word' id='word_1_253' title='bbox 114 3752 273 3835; x_wconf 71' lang='lat' dir='ltr'>youzafen</span> <span class='ocrx_word' id='word_1_254' title='bbox 290 3752 331 3833; x_wconf 85' lang='lat' dir='ltr'>(si</span> <span class='ocrx_word' id='word_1_255' title='bbox 347 3752 526 3832; x_wconf 86' lang='lat' dir='ltr'>tolerarem)</span> <span class='ocrx_word' id='word_1_256' title='bbox 543 3761 595 3829; x_wconf 75' lang='lat'>40,</span> <span class='ocrx_word' id='word_1_257' title='bbox 615 3761 644 3815; x_wconf 84' lang='lat'>5.</span> 
     </span>
    </p>

    <p class='ocr_par' dir='ltr' id='par_1_11' title="bbox 116 3857 1283 4151">
     <span class='ocr_line' id='line_1_30' title="bbox 205 3857 1279 3940; baseline 0.001 -21"><span class='ocrx_word' id='word_1_258' title='bbox 205 3864 234 3921; x_wconf 89' lang='grc'><strong>2.</strong></span> <span class='ocrx_word' id='word_1_259' title='bbox 252 3881 334 3940; x_wconf 91' lang='lat' dir='ltr'>pers.</span> <span class='ocrx_word' id='word_1_260' title='bbox 367 3859 495 3921; x_wconf 85' lang='lat' dir='ltr'>Cambr.</span> <span class='ocrx_word' id='word_1_261' title='bbox 514 3858 574 3920; x_wconf 81' lang='lat' dir='ltr'>UT</span> <span class='ocrx_word' id='word_1_262' title='bbox 590 3859 678 3935; x_wconf 87' lang='lat' dir='ltr'>(hod.</span> <span class='ocrx_word' id='word_1_263' title='bbox 702 3860 763 3921; x_wconf 82' lang='lat' dir='ltr'>-ad</span> <span class='ocrx_word' id='word_1_264' title='bbox 775 3858 825 3920; x_wconf 88' lang='lat' dir='ltr'>vel</span> <span class='ocrx_word' id='word_1_265' title='bbox 847 3858 888 3920; x_wconf 77' lang='lat' dir='ltr'>-a’t</span> <span class='ocrx_word' id='word_1_266' title='bbox 906 3880 947 3921; x_wconf 84' lang='lat' dir='ltr'>ex</span> <span class='ocrx_word' id='word_1_267' title='bbox 968 3857 1033 3938; x_wconf 75' lang='lat' dir='ltr'>i-t).</span> <span class='ocrx_word' id='word_1_268' title='bbox 1066 3859 1279 3923; x_wconf 85' lang='lat' dir='ltr'>Indicativus:</span> 
     </span>
     <span class='ocr_line' id='line_1_31' title="bbox 117 3963 1283 4048; baseline 0.002 -21"><span class='ocrx_word' id='word_1_269' title='bbox 117 3987 169 4027; x_wconf 88' lang='lat' dir='ltr'>am</span> <span class='ocrx_word' id='word_1_270' title='bbox 193 3964 306 4047; x_wconf 70' lang='lat' dir='ltr'>uencyi</span> <span class='ocrx_word' id='word_1_271' title='bbox 328 3963 457 4045; x_wconf 73' lang='lat' dir='ltr'>odonafi</span> <span class='ocrx_word' id='word_1_272' title='bbox 472 3965 513 4046; x_wconf 75' lang='lat' dir='ltr'>dy</span> <span class='ocrx_word' id='word_1_273' title='bbox 531 3964 585 4025; x_wconf 85' lang='lat' dir='ltr'>les.</span> <span class='ocrx_word' id='word_1_274' title='bbox 605 3964 646 4025; x_wconf 81' lang='lat' dir='ltr'>lle</span> <span class='ocrx_word' id='word_1_275' title='bbox 660 3985 719 4048; x_wconf 78' lang='lat' dir='ltr'>nys</span> <span class='ocrx_word' id='word_1_276' title='bbox 735 3973 851 4026; x_wconf 66' lang='lat' dir='ltr'>metrae</span> <span class='ocrx_word' id='word_1_277' title='bbox 864 3965 905 4048; x_wconf 76' lang='lat' dir='ltr'>dy</span> <span class='ocrx_word' id='word_1_278' title='bbox 921 3964 987 4026; x_wconf 78' lang='lat' dir='ltr'>Izan</span> <span class='ocrx_word' id='word_1_279' title='bbox 1003 3966 1058 4044; x_wconf 92' lang='lat' dir='ltr'>(ob</span> <span class='ocrx_word' id='word_1_280' title='bbox 1071 3978 1283 4029; x_wconf 87' lang='lat' dir='ltr'>monstratum</span> 
     </span>
     <span class='ocr_line' id='line_1_32' title="bbox 116 4068 1280 4151; baseline 0.001 -21"><span class='ocrx_word' id='word_1_281' title='bbox 116 4092 136 4131; x_wconf 88' lang='lat' dir='ltr'>a</span> <span class='ocrx_word' id='word_1_282' title='bbox 151 4091 202 4131; x_wconf 89' lang='lat' dir='ltr'>ma</span> <span class='ocrx_word' id='word_1_283' title='bbox 224 4069 427 4131; x_wconf 87' lang='lat' dir='ltr'>commodum</span> <span class='ocrx_word' id='word_1_284' title='bbox 444 4082 547 4143; x_wconf 87' lang='lat' dir='ltr'>tuum,</span> <span class='ocrx_word' id='word_1_285' title='bbox 566 4070 650 4149; x_wconf 90' lang='lat' dir='ltr'>quod</span> <span class='ocrx_word' id='word_1_286' title='bbox 667 4079 702 4130; x_wconf 95' lang='lat' dir='ltr'>tu</span> <span class='ocrx_word' id='word_1_287' title='bbox 717 4068 785 4150; x_wconf 90' lang='lat' dir='ltr'>ipse</span> <span class='ocrx_word' id='word_1_288' title='bbox 800 4091 865 4131; x_wconf 90' lang='lat' dir='ltr'>non</span> <span class='ocrx_word' id='word_1_289' title='bbox 880 4070 1055 4151; x_wconf 86' lang='lat' dir='ltr'>cogitabas)</span> <span class='ocrx_word' id='word_1_290' title='bbox 1072 4072 1164 4134; x_wconf 87' lang='lat' dir='ltr'>Mab.</span> <span class='ocrx_word' id='word_1_291' title='bbox 1186 4079 1214 4147; x_wconf 89' lang='lat' dir='ltr'>l,</span> <span class='ocrx_word' id='word_1_292' title='bbox 1235 4078 1280 4132; x_wconf 83' lang='grc'>19.</span> 
     </span>
    </p>

    <p class='ocr_par' dir='ltr' id='par_1_12' title="bbox 115 4173 1283 4359">
     <span class='ocr_line' id='line_1_33' title="bbox 203 4173 1283 4260; baseline 0.002 -25"><span class='ocrx_word' id='word_1_293' title='bbox 203 4173 451 4255; x_wconf 86' lang='lat' dir='ltr'>Conjunetivus:</span> <span class='ocrx_word' id='word_1_294' title='bbox 468 4174 614 4258; x_wconf 71' lang='lat' dir='ltr'>yacydwn</span> <span class='ocrx_word' id='word_1_295' title='bbox 629 4174 728 4257; x_wconf 78' lang='lat' dir='ltr'>ydout</span> <span class='ocrx_word' id='word_1_296' title='bbox 739 4173 765 4236; x_wconf 82' lang='lat' dir='ltr'>o·</span> <span class='ocrx_word' id='word_1_297' title='bbox 773 4195 827 4257; x_wconf 77' lang='lat' dir='ltr'>ym</span> <span class='ocrx_word' id='word_1_298' title='bbox 839 4174 974 4237; x_wconf 77' lang='lat' dir='ltr'>keissarc</span> <span class='ocrx_word' id='word_1_299' title='bbox 986 4175 1141 4255; x_wconf 87' lang='lat' dir='ltr'>(sciebam</span> <span class='ocrx_word' id='word_1_300' title='bbox 1154 4178 1240 4260; x_wconf 91' lang='lat' dir='ltr'>quod</span> <span class='ocrx_word' id='word_1_301' title='bbox 1251 4186 1283 4238; x_wconf 87' lang='lat' dir='ltr'>tu</span> 
     </span>
     <span class='ocr_line' id='line_1_34' title="bbox 115 4277 743 4359; baseline 0 -19"><span class='ocrx_word' id='word_1_302' title='bbox 115 4279 238 4342; x_wconf 88' lang='lat' dir='ltr'>venires</span> <span class='ocrx_word' id='word_1_303' title='bbox 256 4300 308 4341; x_wconf 88' lang='lat' dir='ltr'>me</span> <span class='ocrx_word' id='word_1_304' title='bbox 323 4277 516 4359; x_wconf 85' lang='lat' dir='ltr'>quaesitum)</span> <span class='ocrx_word' id='word_1_305' title='bbox 533 4279 621 4341; x_wconf 88' lang='lat' dir='ltr'>Mab.</span> <span class='ocrx_word' id='word_1_306' title='bbox 644 4285 671 4353; x_wconf 89' lang='lat' dir='ltr'>l,</span> <span class='ocrx_word' id='word_1_307' title='bbox 692 4281 743 4340; x_wconf 87' lang='grc'><strong>25.</strong></span> 
     </span>
    </p>

    <p class='ocr_par' dir='ltr' id='par_1_13' title="bbox 202 4382 1289 4474">
     <span class='ocr_line' id='line_1_35' title="bbox 202 4382 1289 4474; baseline 0.006 -28"><span class='ocrx_word' id='word_1_308' title='bbox 202 4382 451 4446; x_wconf 83' lang='lat' dir='ltr'>Conditionalis:</span> <span class='ocrx_word' id='word_1_309' title='bbox 474 4382 535 4465; x_wconf 79' lang='lat' dir='ltr'>pei</span> <span class='ocrx_word' id='word_1_310' title='bbox 557 4384 653 4447; x_wconf 79' lang='lat' dir='ltr'>rodat</span> <span class='ocrx_word' id='word_1_311' title='bbox 679 4383 706 4447; x_wconf 78' lang='lat' dir='ltr'>a·</span> <span class='ocrx_word' id='word_1_312' title='bbox 728 4384 771 4467; x_wconf 74' lang='lat' dir='ltr'>dy</span> <span class='ocrx_word' id='word_1_313' title='bbox 796 4394 869 4466; x_wconf 66' lang='grc' dir='ltr'>φνεῖ</span> <span class='ocrx_word' id='word_1_314' title='bbox 896 4406 1019 4469; x_wconf 68' lang='lat' dir='ltr'>quaru</span> <span class='ocrx_word' id='word_1_315' title='bbox 1049 4385 1064 4448; x_wconf 76' lang='grc' dir='ltr'>ι’</span> <span class='ocrx_word' id='word_1_316' title='bbox 1089 4411 1136 4472; x_wconf 79' lang='lat' dir='ltr'>yn</span> <span class='ocrx_word' id='word_1_317' title='bbox 1157 4387 1289 4474; x_wconf 72' lang='lat' dir='ltr'>emydas</span> 
     </span>
    </p>
   </div>
   <div class='ocr_carea' id='block_1_7' title="bbox 0 0 1456 4980">
    <p class='ocr_par' dir='ltr' id='par_1_14' title="bbox 0 0 1456 4980">
     <span class='ocr_line' id='line_1_36' title="bbox 0 0 1456 4980; baseline 0 0"><span class='ocrx_word' id='word_1_318' title='bbox 0 0 1456 4980; x_wconf 95' lang='lat' dir='ltr'> </span> 
     </span>
    </p>
   </div>
  </div>
 </body>
</html>
