2896 4980
384 377 451 439 111.
470 381 500 438 2.
534 396 641 440 asam
660 394 864 440 sarranates
879 395 1049 439 moriam.
1240 377 1301 438 549

133 554 187 608 35.
210 544 270 627 pei
287 566 432 630 96699666
452 594 459 608 .
480 595 487 608 .
505 555 563 631 ayt
583 554 675 630 6669
690 545 820 631 66νί69Ιῖ
828 567 919 628 parm
934 545 1056 608 aethost
1070 543 1110 626 (si
1126 543 1297 621 scivissem,

134 702 143 716 .
165 702 172 715 .
191 674 259 715 non
280 651 341 713 ires
370 673 389 713 a
414 673 465 713 me
487 663 524 713 ut
544 651 644 733 ivisti)
663 659 699 728 1,
719 656 791 713 262.
817 673 869 713 aaa
892 660 950 714 nat
970 649 1023 712 aei
1039 673 1083 734 96
1103 649 1197 712 tercie
1218 649 1300 713 idaeo

131 757 226 841 (quia
248 778 314 819 non
334 756 400 818 ibat
421 768 459 818 ut
479 779 559 819 uxor
579 757 675 838 ei)1,
696 762 747 819 28.
778 780 819 842 9ν
832 756 954 841 fforest
974 756 1021 840 pd
1040 754 1092 817 aei
1113 756 1167 832 (ad
1189 755 1299 818 silvam

132 864 215 944 ibat)
235 868 264 937 1,
284 868 356 923 236.
376 884 424 943 pa
435 861 535 946 fford
553 864 600 947 yd
618 872 693 947 eyat
712 863 783 947 1669
806 863 863 927 heb
880 886 903 947 9
923 860 1047 945 perciet
1062 863 1139 942 (qua
1152 860 1204 923 via
1219 859 1302 924 irent

131 967 208 1052 ipsi,
226 966 319 1042 dixit,
338 966 544 1049 interrogavit
559 969 618 1045 G.)
636 974 665 1044 2,
686 976 738 1031 57.

221 1075 251 1135 6.
276 1073 386 1135 kerdet
407 1073 547 1150 awazaei,
568 1083 684 1157 966666
698 1075 823 1137 caenosi
836 1078 989 1157 (pergere,
1008 1094 1156 1154 superare
1171 1073 1301 1157 incipie-

131 1183 205 1261 bat)
223 1180 311 1242 Mab.
334 1184 361 1254 l,
381 1184 433 1239 27.
453 1184 504 1240 38.
528 1203 571 1265 69
593 1182 722 1264 66971966
742 1180 779 1244 1ιί
799 1179 869 1242 beat
892 1178 1016 1241 awaaaei
1030 1179 1204 1259 (nesciebat
1219 1179 1298 1262 ipsa,

132 1286 213 1368 quid
228 1287 356 1365 faceret)
370 1290 401 1359 2,
418 1292 468 1346 34.
487 1307 603 1369 cayna
618 1286 732 1371 ymlad
744 1306 885 1347 awnaem
900 1283 1050 1368 6666669
1063 1306 1154 1348 maen
1167 1287 1213 1356 (et
1226 1297 1302 1347 tuno

133 1411 279 1476 pugnare
294 1389 504 1472 inciperemus
519 1392 559 1452 de
574 1390 692 1473 lapide)
712 1398 740 1466 1,
761 1395 833 1451 277.
852 1389 973 1475 kyaodi
985 1412 1025 1474 qr
1039 1413 1129 1475 ancyr
1144 1413 1164 1452 a
1178 1399 1304 1474 waepnt

133 1502 278 1578 (surgere
293 1496 328 1557 in
343 1517 446 1558 aerem
460 1494 668 1578 incipiebant)
685 1499 715 1570 2,
734 1501 806 1556 386.
818 1497 962 1576 paredus·
977 1497 1174 1581 aooynaaacd
1187 1496 1299 1558 cadant.

133 1601 205 1665 oeta
221 1610 368 1684 awaeyat
383 1623 445 1683 966
462 1602 515 1680 (P.
533 1600 689 1683 quaesivit
704 1623 743 1663 ex
758 1600 815 1677 eis,
834 1600 911 1682 quid
926 1602 1065 1664 facerent
1080 1601 1137 1682 ibi)
1157 1608 1184 1677 l,
1205 1606 1277 1662 277.

220 1729 248 1768 6.
272 1705 337 1768 kaa
355 1707 503 1790 96696666
524 1730 545 1791 9
568 1708 644 1769 deut
666 1707 692 1769 a·
705 1710 795 1786 (nam
811 1707 948 1770 sciebam
964 1709 1048 1790 quod
1064 1719 1099 1769 tu
1115 1706 1251 1787 venires)
1271 1713 1299 1782 1,

134 1817 188 1873 25.
212 1812 383 1894 6667696667
394 1835 414 1897 9
431 1811 524 1874 deaei
536 1813 577 1896 es
585 1834 602 1874 o
619 1813 675 1894 dep
691 1835 733 1874 an
752 1811 951 1894 (victoriosus
967 1811 1113 1874 veniebat
1128 1835 1147 1873 a
1162 1833 1302 1892 quacun·

133 1938 207 2000 que,
226 1922 348 1999 pugna)
365 1921 395 1992 2,
415 1922 466 1978 28.
486 1918 589 2001 96)]96
611 1939 647 1979 or
667 1917 846 1979 marchawc
867 1940 888 2000 9
903 1918 1047 1998 peredar
1059 1937 1108 2000 pp
1125 1916 1153 1977 le
1162 1915 1305 1996 pandoei

135 2022 331 2106 (quaesitum
349 2023 388 2083 ab
404 2021 509 2103 equite
525 2043 542 2083 e
558 2023 611 2098 Ρ.,
630 2023 715 2084 unde
730 2021 864 2102 veniret)
881 2028 909 2097 l,
929 2026 1001 2082 249.
1025 2044 1046 2104 9
1062 2019 1194 2103 accepi.
1213 2069 1219 2081 .
1237 2068 1244 2081 .
1259 2041 1303 2083 aaa

137 2127 231 2191 deaei
244 2128 285 2211 es
291 2150 312 2211 y
331 2128 475 2210 ymwelet
489 2150 527 2189 ac
541 2127 656 2190 arthur
671 2128 725 2208 (ad
740 2126 921 2201 dicendum,
941 2127 1025 2208 quod
1040 2147 1105 2189 non
1121 2126 1242 2188 veniret
1257 2125 1302 2188 vi-

133 2235 267 2297 sitatum
282 2234 339 2312 A.)
357 2238 387 2308 2,
408 2239 458 2293 54.
476 2232 535 2314 pei
552 2232 709 2316 pcoyppei.
731 2281 737 2294 .
760 2281 766 2294 .
784 2255 805 2316 9
827 2231 919 2293 deaei
933 2230 973 2311 (si
993 2231 1096 2306 sciret,
1116 2231 1251 2313 veniret)
1271 2239 1299 2307 1,

135 2344 188 2401 32.
218 2339 302 2400 Item
324 2339 410 2399 verb.
429 2339 567 2420 duptam:
583 2338 699 2420 peina
723 2337 772 2399 bei
786 2337 881 2399 dreelt
896 2360 954 2399 noc
969 2338 1010 2421 os
1024 2358 1083 2419 aya
1100 2336 1194 2422 clypei
1206 2345 1302 2420 yntea

131 2469 153 2530 y
170 2444 254 2507 enea
268 2444 309 2527 es
318 2443 358 2523 (si
374 2465 440 2505 non
455 2442 567 2506 fuisset
581 2443 689 2505 fortior
704 2465 799 2524 qnam
812 2441 877 2518 ille,
892 2465 956 2505 non
969 2443 1151 2505 abstulisset
1163 2442 1301 2504 animum

132 2549 218 2632 ejus)
230 2557 258 2624 1,
271 2555 323 2610 26.
334 2570 459 2630 pennen
471 2547 520 2609 rei
529 2550 681 2633 (6199966.
700 2548 811 2632 7799667
824 2548 916 2612 ereill
925 2549 1043 2632 (capita
1055 2549 1184 2631 quidam
1195 2550 1302 2611 abstu-

133 2655 252 2729 lerunt,
271 2654 378 2715 oeulos
394 2652 462 2734 alii)
480 2660 510 2729 2,
527 2659 599 2715 385.
1275 2674 1282 2685 ·

221 2757 443 2821 Praeteritum.
477 2759 530 2821 Fit
553 2758 707 2822 addendo
725 2761 766 2821 ad
789 2759 926 2822 radicem
950 2758 1111 2842 praeteriti
1133 2759 1302 2841 praeterito

135 2862 324 2943 secundario
340 2865 407 2925 aed.
434 2864 574 2940 Formas,
592 2886 672 2947 quae
686 2877 913 2928 enumerantur
925 2867 964 2927 ab
975 2864 1136 2927 hodiernis
1147 2885 1302 2946 gramma-

136 2968 223 3045 ticis}
239 2968 361 3031 aethan
378 2969 428 3031 vol
443 2970 521 3031 adeo
536 2970 709 3046 aethestan,
727 2971 873 3053 equidem
888 2993 954 3034 non
970 2971 1044 3054 legi.

219 3098 250 3137 a.
274 3099 295 3159 9
319 3074 539 3158 kprtaallassec'
556 3085 651 3161 96766
670 3076 738 3159 plot
758 3097 798 3161 9ν
814 3098 884 3156 pan
906 3076 1022 3138 athoed
1040 3099 1060 3159 9
1079 3076 1216 3159 afrila-yut
1230 3075 1301 3158 laoy

134 3180 358 3262 (acquisiverat
372 3180 517 3262 gloriam,
535 3192 704 3263 postquam
719 3180 839 3243 abierat
854 3183 894 3245 ab
909 3181 968 3262 eis)
986 3182 1073 3243 Mab.
1094 3187 1123 3256 2,
1145 3187 1196 3243 31.

220 3288 249 3349 b.
274 3285 363 3347 orchi
376 3308 472 3348 acrae
484 3285 607 3369 perciet
620 3307 640 3368 9
657 3286 722 3348 enit
736 3285 846 3347 herdet
857 3307 893 3347 or
905 3286 1006 3348 61666.
1025 3286 1157 3348 achadeo
1172 3308 1193 3368 9
1206 3307 1303 3368 sapor

133 3392 194 3455 acl
210 3415 232 3476 9
252 3390 443 3475 qwnatltoed
461 3390 568 3474 kyaao
590 3391 698 3474 69669
715 3393 761 3472 (et
774 3390 954 3474 praecipere
970 3392 1012 3454 G.
1032 3390 1157 3467 Enitae,
1175 3413 1304 3474 pergere

134 3508 168 3559 et
191 3497 376 3578 praecedere
391 3508 427 3558 ut
442 3497 557 3558 fecerat
572 3495 720 3576 antehac)
736 3497 824 3559 Mab.
844 3501 874 3572 2,
894 3502 945 3559 86.
972 3497 1031 3558 oed
1043 3496 1170 3579 669666
1187 3520 1204 3558 o
1220 3499 1305 3560 676666

133 3599 341 3663 awnaetltoed
360 3603 432 3664 daeo
452 3600 534 3686 yrani
547 3604 627 3681 (erat
651 3601 812 3665 sufficiens
832 3603 964 3677 malum,
982 3602 1066 3684 quod
1088 3602 1204 3665 fecerat
1225 3603 1303 3665 deus

132 3705 239 3786 nobis)
254 3709 283 3780 2,
300 3710 372 3767 242.
390 3729 411 3789 9
423 3728 514 3789 96696
529 3705 774 3790 cartatlaoedynt
788 3707 826 3770 la
841 3730 861 3768 a
873 3707 1045 3791 qoaeilcint
1056 3707 1191 3769 actollet
1202 3707 1304 3768 edant

133 3811 240 3893 169666
263 3810 371 3895 69669
388 3811 460 3891 (viri
483 3812 539 3895 qui
559 3811 698 3873 fecerant
713 3811 792 3874 iram
806 3823 838 3874 et
853 3833 1027 3876 moerorem
1042 3822 1073 3873 et
1084 3809 1243 3893 jacturam
1258 3809 1303 3873 eis

134 3919 243 3996 antea)
262 3921 291 3991 2,
312 3922 384 3978 385.

220 4044 246 4082 6.
272 4042 312 4083 αν
331 4043 519 4105 9666696696
534 4022 727 4106 adatltoedy
743 4022 891 4103 66666669
907 4022 953 4098 (et
968 4020 1136 4102 optimates
1153 4034 1305 4084 venerant

135 4125 331 4208 comitaturi)
348 4127 436 4188 Mab.
456 4131 486 4201 2,
506 4132 557 4189 32.
576 4127 701 4211 666966
715 4151 737 4211 9
753 4128 850 4211 619667
865 4125 906 4209 ef
913 4148 933 4209 9
951 4125 999 4210 lya
1015 4125 1140 4188 arthur.
1159 4126 1199 4210 ef
1208 4129 1303 4190 adae·

136 4230 230 4294 thoed
243 4230 421 4294 6666616666
435 4232 524 4295 arall
535 4256 556 4316 9
574 4234 622 4317 lya
637 4233 752 4297 arthur
763 4243 809 4314 (et
825 4243 996 4314 antequam
1011 4233 1100 4294 venit
1115 4231 1183 4314 ipse
1196 4232 1235 4294 ad
1248 4255 1303 4295 au·

134 4336 200 4398 lam
222 4336 278 4413 A„
301 4346 430 4399 venerat
456 4358 552 4419 eques
578 4336 660 4400 alius
686 4340 727 4400 ad
752 4339 872 4421 aulam)
893 4345 925 4415 t,
945 4343 1018 4400 246.
1045 4360 1115 4422 yar
1137 4361 1182 4422 yn
1209 4340 1307 4422 dyaot

134 4464 156 4527 9
173 4462 289 4527 669666.
308 4440 486 4507 6676676666
498 4441 646 4529 6169696
666 4442 772 4528 169666
786 4443 895 4530 69669
910 4467 932 4529 9
949 4444 998 4529 lys
1013 4444 1128 4509 arthur
1143 4444 1205 4527 (vir
1219 4444 1308 4508 venit
