2896 4980
378 1258 607 1360 LIBER
648 1258 1058 1361 SECUNDUS.

286 1680 364 1760 DE
401 1678 633 1761 NOMINE
672 1679 746 1759 ΕΤ
783 1678 1149 1762 PRONOMINE.

222 1929 417 1992 Perlustrata
429 1928 539 2011 regula
551 1949 700 1991 sonorum
712 1939 744 1991 et
756 1928 882 1991 interna
892 1950 1008 1992 vocum
1019 1939 1177 1993 stnrctura
1186 1920 1269 1992 uani·

135 2058 207 2099 mus
229 2036 270 2097 ad
292 2044 457 2097 externam
472 2044 663 2097 structuram
678 2034 864 2097 flexionum.
897 2034 960 2097 His
981 2055 1059 2118 prae
1074 2034 1183 2097 ceteris
1195 2028 1269 2097 exotl·

137 2141 237 2205 lentes
258 2138 408 2202 orationis
428 2150 533 2222 partes
557 2151 634 2202 sunt
648 2162 776 2214 nomen,
795 2160 981 2222 pronomen,
999 2140 1143 2203 verbum.
1173 2140 1271 2202 Nomen

136 2257 168 2309 et
182 2265 357 2330 pronomen
371 2243 425 2305 hic
440 2245 599 2307 secundus
614 2245 695 2307 liber
710 2247 874 2307 tractanda
889 2244 996 2321 sumit,
1016 2244 1167 2320 flexiones
1181 2242 1272 2307 scilicet

136 2349 328 2415 substantivi
350 2360 382 2412 ct
401 2348 548 2432 adjectivi
569 2349 773 2432 pracsertim,
799 2352 1025 2414 concordantes
1042 2349 1113 2433 jam
1133 2350 1167 2413 in
1187 2365 1271 2412 monn·

136 2455 252 2519 mentis
274 2453 401 2529 nostrin,
420 2454 539 2516 addens
562 2477 642 2537 quae
658 2455 707 2517 bis
729 2456 858 2519 vocibus
877 2466 1040 2541 praeterea
1053 2454 1222 2530 inhaerent,
1235 2452 1271 2513 dt·

136 2558 324 2625 minutionis
340 2569 372 2621 ot
386 2557 580 2639 gradationis
596 2560 722 2622 formas.
749 2560 875 2627 Quibus
891 2561 1038 2624 omnibus
1053 2557 1270 2645 praemittendae

137 2676 214 2727 sunt
236 2661 361 2728 articuli
383 2662 512 2738 formae,
531 2675 562 2727 et
577 2665 800 2748 subjungenda
814 2667 945 2730 nomina
960 2667 1148 2744 numeralia,
1165 2662 1270 2743 denique

137 2768 336 2857 pronomina,
356 2767 390 2830 in
405 2767 540 2850 singulis
556 2769 724 2852 capitibus.

604 3045 776 3054 ηα-υ-
784 3047 857 3055 ---.-

502 3265 674 3334 CAPUT
707 3265 936 3336 PRIMUM.

240 3471 296 3539 De
316 3466 432 3537 tribus
450 3463 644 3558 generibus
662 3466 793 3536 veteris
811 3466 960 3559 linguae
979 3474 1016 3537 et
1033 3467 1196 3539 articulo.

227 3669 268 3730 In
295 3664 442 3728 omnibus
465 3661 584 3746 linguis
608 3663 726 3726 celticis
747 3664 908 3728 hodiernis
931 3666 1061 3730 nonnisi
1080 3669 1146 3730 duo
1167 3654 1274 3728 nomissl⁵

141 3795 257 3858 genera
269 3771 522 3852 distinguuntur,
537 3789 639 3850 genus
651 3768 865 3831 masculinum
876 3781 908 3833 et
919 3770 1121 3835 femininum.
1145 3772 1205 3836 Sed
1214 3768 1277 3853 patet

142 3903 158 3943 e
174 3876 307 3942 vetustis
323 3873 439 3938 nostris
453 3872 566 3956 glossis
581 3872 764 3949 hibernicis,
779 3886 816 3938 ut
831 3876 1055 3958 epronominis
1067 3859 1276 3940 demonstrativi

142 3981 289 4048 cambrici
312 3980 432 4054 formis,
449 3978 547 4041 fuisse
572 3977 658 4039 utin
674 3979 821 4041 omnibus
837 3978 907 4042 aliis
922 3980 1042 4063 linguis
1057 3981 1156 4065 hujus
1170 3975 1276 4044 affinifi·

142 4091 183 4153 tis
206 4089 301 4151 etiam
322 4086 357 4148 in
387 4097 490 4147 vetere
518 4082 628 4144 celtica
651 4083 711 4145 tria
732 4106 848 4166 genera
869 4106 935 4147 non
957 4085 1061 4148 solum
1083 4085 1279 4169 pronominum

143 4195 198 4258 sed
216 4192 313 4255 etiam
328 4187 599 4253 substantivorum
615 4198 647 4249 et
662 4187 899 4270 adjectivorum,
918 4199 950 4252 et
964 4191 1068 4254 deleto
1083 4192 1185 4255 serius
1199 4175 1279 4253 daei·

143 4298 229 4361 mine
250 4292 479 4378 grammaticali
502 4291 585 4355 inter
606 4292 820 4357 masculinum
841 4306 874 4356 et
888 4306 1040 4360 neutrum
1055 4295 1281 4361 commixtae*

137 4403 221 4464 hooc
240 4401 304 4462 duo
326 4419 441 4480 genera
463 4397 496 4458 in
520 4418 622 4459 unum
643 4398 753 4461 eodem
775 4401 880 4476 modo,
906 4399 997 4462 utin
1021 4400 1134 4484 lingua
1155 4399 1284 4465 hodiem*
