2896 4980
136 325 199 386 276
468 322 515 384 II.
539 327 569 385 2.
615 341 737 385 nuans
753 341 971 386 manaurcus.

137 514 274 597 plorum,
289 534 370 597 quae
385 534 403 576 e
417 512 578 576 codicibus
592 534 650 595 pro
664 511 813 576 omnibus
828 533 925 595 supra
938 512 1073 595 prolatis
1085 512 1224 576 seriebus
1233 535 1288 596 pos·

138 618 203 680 sint
218 617 332 680 afferri.
357 619 519 682 Numerus
535 640 600 681 non
615 640 673 703 per
686 640 720 681 se
735 618 833 694 solus,
849 628 886 680 ut
899 638 928 680 e.
942 639 991 701 gr.
1006 617 1042 681 in
1056 617 1281 702 linguagrasca,

137 744 287 808 personas
308 723 359 785 vel
379 745 429 785 res
450 724 529 787 duas
551 723 727 806 significat,
752 724 808 786 scd
830 734 1033 787 constructus
1054 746 1132 787 cum
1153 724 1281 788 numerali

138 831 192 905 do,
210 829 256 905 di,
274 828 328 891 dib
343 829 458 891 formas
472 828 592 891 mixtas
605 828 781 911 singulares
796 839 829 891 et
843 828 982 911 plsuales
997 830 1131 894 exhibet
1144 830 1179 894 in
1196 829 1279 912 lingua

139 934 284 998 codicum
306 945 504 1010 nostrorum,
531 955 612 1016 quae
633 945 711 997 sunt
724 933 869 997 residuae
883 934 994 1016 procul
1009 935 1110 999 dubio
1124 958 1143 999 e
1156 935 1279 999 veturio

138 1039 226 1102 ribus
241 1039 350 1102 formis
365 1039 501 1122 propriis
517 1038 614 1122 hujus
629 1038 764 1103 numeri.

224 1143 363 1207 Articuli
383 1144 483 1206 forma
503 1143 538 1207 in
553 1166 744 1227 quoeunque
758 1166 834 1207 casu
849 1155 882 1208 et
895 1166 1011 1228 genere
1025 1167 1094 1209 non
1109 1145 1171 1209 alia
1185 1143 1278 1207 inveni·

140 1229 192 1313 tur
207 1271 303 1332 quam
318 1249 368 1312 IN
385 1263 459 1311 ante
474 1250 499 1311 d
517 1248 724 1332 incipientem
745 1250 929 1327 numeralis,
946 1272 1029 1335 quae
1043 1252 1078 1315 in
1093 1271 1160 1315 uno
1174 1270 1277 1333 sequen·

142 1355 221 1418 tium
236 1354 453 1437 exemplorum
468 1365 517 1417 est
531 1353 711 1437 scriptionis
726 1357 824 1419 durae
838 1357 894 1419 dd.

226 1457 450 1542 Paradigmata
482 1460 621 1542 primum
652 1460 805 1524 seriorum
834 1460 990 1545 prioris
1021 1462 1202 1538 ordinis,
1224 1459 1276 1523 dcia

140 1564 285 1648 exempla
296 1564 388 1627 obvia
399 1565 433 1627 in
445 1564 617 1628 codicibus.
643 1566 781 1630 Lunulis
793 1566 1030 1650 circumscripta
1040 1567 1203 1653 supposita
1212 1576 1274 1630 sunt.

585 1753 707 1815 Masc.
725 1762 859 1816 neutr.

498 1904 566 1966 Ser.
585 1906 614 1967 Ι.
791 1905 859 1968 Ser.
877 1905 924 1968 II.
1016 1906 1085 1969 Ser.
1105 1906 1170 1969 111.

306 2021 402 2085 Nom.
449 2021 513 2084 ee'le
528 2021 606 2103 (42)
813 2023 882 2086 batt
1054 2024 1122 2088 titt

305 2128 389 2190 Gen.
448 2126 536 2209 (oe'ls')
812 2129 919 2211 (baill)
1054 2129 1144 2193 bello

306 2233 383 2294 Dat.
448 2231 554 2314 (celio)
811 2234 936 2316 (tallia)
1050 2234 1151 2299 bittit

212 2341 217 2351 '
306 2340 381 2400 Acc.
448 2337 512 2400 ce'le
811 2339 879 2402 tall
1051 2339 1118 2403 bill

672 2508 773 2571 Fem.

539 2657 607 2720 Ser.
626 2659 685 2722 IV.
854 2661 922 2724 Ser.
941 2663 983 2725 V.

434 2777 532 2842 Nom.
574 2775 662 2839 tueri
874 2779 969 2843 rainn

434 2884 518 2946 Gcn.
573 2889 663 2944 isare
871 2907 955 2949 rann

435 2990 510 3052 Dat.
574 2986 679 3052 tuarib
873 2991 989 3054 rannid

435 3096 511 3159 Ace.
574 3092 662 3157 suari
873 3097 971 3163 rainu

627 3278 768 3343 Series
790 3281 819 3342 I.

227 3432 324 3494 Nom.
353 3454 449 3495 masc.
479 3431 578 3495 videri
604 3432 705 3516 possit
731 3432 873 3496 obtincre
899 3434 934 3496 in
955 3433 1129 3518 adjectivo:
1155 3423 1281 3500 dadmid

142 3536 317 3619 oeqeptacdi
331 3538 408 3619 (duo
423 3536 564 3598 Druidae
578 3538 768 3620 aegyptiaci)
785 3540 860 3602 Wb.
877 3545 929 3602 30⁰
937 3564 946 3615 ;
965 3541 1021 3602 sed
1036 3541 1180 3624 sequitur
1193 3535 1282 3623 adju

142 3642 260 3726 plurali
275 3640 372 3704 etiam
387 3640 491 3703 hodie.

228 3749 363 3811 Neutr.:
386 3755 476 3811 alost
489 3748 630 3832 danorpe
644 3752 741 3833 ropab
757 3751 868 3813 adram
883 3755 974 3834 (sunt
988 3752 1070 3814 duae
1085 3751 1285 3817 haereditates

141 3877 220 3940 quas
235 3854 356 3939 accepit
369 3852 545 3943 Abraham)
561 3855 636 3919 Wb.
656 3860 697 3918 2⁶.
722 3857 765 3919 da
787 3856 850 3920 llas
860 3858 924 3942 for
943 3857 994 3920 όίη
1016 3856 1099 3922 liair
1121 3860 1181 3943 (gl.
1198 3859 1288 3922 diebus

141 3961 272 4026 alternis
291 3959 496 4045 apposuimus
518 3959 641 4036 literas3
666 3961 688 4024 i.
707 3983 735 4025 e.
753 3963 833 4026 duos
853 3963 920 4026 dies
936 3964 996 4026 sub
1012 3986 1078 4027 una
1092 3964 1196 4043 litera,
1212 3965 1245 4028 in
1257 3973 1292 4026 ta·

140 4069 217 4132 bula
231 4067 390 4149 chronol.)
407 4068 461 4131 Cr.
481 4062 545 4129 31⁶.
564 4065 703 4151 irtcloqno
717 4069 812 4149 (duae
827 4069 958 4153 formae)
975 4071 1031 4154 Sg.
1052 4075 1137 4133 168⁸.

228 4173 338 4237 Genit.
357 4184 389 4236 ct
404 4175 469 4236 dat.
488 4195 554 4236 non
569 4173 663 4236 obvii.

227 4281 342 4343 Aecus.
366 4300 464 4341 masc.
488 4279 538 4341 vel
565 4289 690 4341 neutr.:
724 4277 816 4342 debir
837 4280 958 4345 ducale.
983 4279 1077 4346 dabir
1099 4281 1233 4348 imdada
1252 4284 1311 4344 αἵθ

143 4381 251 4465 (ἅπαξ
264 4379 437 4470 λεγόμενα)
454 4383 580 4448 incant.
600 4385 655 4468 Sg.
