2896 4980
208 329 230 391 Ι.
254 333 282 390 2.
328 346 503 392 consonas
518 345 729 391 rncnonurrs
744 346 932 396 urrunnun
946 345 1111 390 rurscrro.
1180 330 1237 391 191

396 667 570 740 CAPUT
612 666 913 740 SECUNDUM.

134 889 174 960 he
188 888 350 961 consonis
369 911 474 959 voces
491 886 751 959 inchoantibus
769 909 968 979 earumque
986 886 1196 962 infectione.

165 1124 252 1187 Patet
261 1121 331 1205 jam
346 1143 387 1185 ex
402 1120 452 1198 iis,
470 1141 551 1204 quae
567 1119 730 1204 disputata
746 1132 823 1183 sunt
839 1121 1017 1204 hucusque,
1036 1143 1189 1188 consonas
1204 1124 1239 1188 in

116 1226 171 1292 uitio
188 1236 311 1304 vocum,
329 1249 396 1291 non
417 1227 521 1291 solum
542 1248 662 1303 earum,
680 1247 761 1308 quae
782 1226 908 1289 suntin
926 1228 1065 1291 secundo
1080 1228 1131 1291 vel
1146 1229 1240 1292 tertio

116 1354 152 1396 sco
163 1332 333 1416 compositi,
351 1334 407 1396 sed
428 1332 525 1397 etiam
546 1354 627 1416 quae
651 1342 728 1395 sunt
742 1342 832 1393 extra
846 1331 1106 1415 compositionem
1121 1335 1239 1397 solum-

116 1438 172 1500 rodo
190 1438 224 1500 in
243 1436 478 1501 constructione
497 1436 662 1512 sermonis,
681 1435 883 1500 infectionem
904 1436 1009 1501 subire
1024 1439 1239 1522 qualemcum-

116 1564 155 1621 με,
169 1554 261 1626 atque
276 1543 362 1625 leges
382 1541 451 1625 ejus
466 1542 646 1605 infectionis
661 1552 728 1604 tam
742 1540 777 1605 in
792 1541 954 1606 hibernica
968 1543 1080 1627 lingua
1094 1567 1190 1628 quum
1204 1546 1239 1611 in

116 1647 254 1711 ritannica
274 1669 339 1710 non
360 1647 483 1712 differre
505 1646 694 1732 generaliter
708 1669 727 1710 a
740 1647 864 1730 legibus
880 1658 912 1711 et
926 1649 1045 1732 regulis
1059 1650 1239 1715 infectionis

116 1753 236 1816 omedio
259 1763 292 1815 et
311 1753 376 1815 fine
398 1775 523 1817 vocum.
554 1754 608 1816 Ita
627 1773 784 1815 consonae
799 1752 985 1817 inchoantes
1000 1758 1172 1819 secundam
1187 1779 1240 1820 vo·

116 1876 153 1920 on
169 1857 200 1920 in
214 1857 368 1940 exemplis
382 1857 571 1922 hibernicis:
597 1866 726 1922 munior
745 1858 865 1921 cessair
886 1860 1020 1939 (t'amilia
1034 1862 1208 1944 Caesaris),
1227 1863 1242 1926 i

116 1961 156 2025 ut
168 1962 212 2044 (in
223 1984 334 2046 pugna
341 1986 352 2038 ;
369 1964 455 2027 exin
467 1963 568 2049 cath),
582 1985 633 2026 mo
644 1963 780 2039 chene'ed
794 1986 844 2026 mo
856 1963 976 2027 clland
989 1967 1105 2047 (genus
1117 1989 1236 2044 meum,

116 2066 183 2130 uoles
196 2070 296 2148 mea),
320 2088 370 2130 mo
391 2068 460 2132 thol
471 2069 633 2151 (voluntas
652 2071 755 2150 mea),
773 2069 813 2131 do
828 2068 1122 2153 pbopul·(populo)
1139 2073 1240 2136 obviis

116 2171 217 2250 ritu,
234 2183 414 2255 sequuntur
435 2175 561 2238 easdem
582 2173 719 2258 regulas,
738 2196 817 2258 quas
838 2185 1015 2257 sequuntur
1036 2173 1070 2237 in
1090 2177 1195 2239 medio
1209 2190 1242 2242 et

116 2276 151 2341 inc
166 2278 198 2342 in
217 2280 348 2344 vocibus
370 2299 459 2342 marc
479 2283 612 2364 (equus3
638 2301 734 2342 cnon
750 2278 866 2341 insecta
881 2279 1157 2363 obpositionem),
1175 2282 1241 2346 σοῖο

117 2384 251 2469 quinque;
268 2408 286 2449 e
301 2383 419 2466 ccicc),
438 2384 545 2448 lothan
561 2384 676 2466 (latus3
694 2384 838 2466 aleton),
856 2383 956 2447 cetdir
970 2386 1121 2466 (quatuor
1126 2410 1136 2461 ;
1159 2408 1240 2450 ecc·

116 2486 154 2572 ir),
169 2492 221 2556 ecl
236 2494 290 2574 (ex
306 2512 339 2553 cc
352 2522 397 2543 =
410 2511 459 2572 ep,
476 2510 599 2573 equus3
618 2496 641 2565 t,
660 2512 677 2551 c
691 2488 825 2552 infectae
840 2499 930 2552 extra
943 2489 1159 2573 positionem).
1188 2493 1242 2557 Fit

116 2612 174 2658 torro
192 2595 320 2659 infectio
339 2617 495 2660 consonae
508 2595 532 2657 lc
546 2592 684 2657 nominis
699 2593 753 2656 kei
769 2593 804 2656 in
820 2594 972 2679 exemplis
987 2596 1152 2660 combricis
1168 2619 1242 2661 con·

116 2701 223 2765 tractis:
253 2724 275 2765 a
294 2700 365 2765 clei
388 2704 435 2784 (et
456 2700 584 2781 Caius),
607 2722 628 2783 y
652 2699 708 2783 yet
731 2701 786 2783 (ad
806 2699 938 2776 Caium,
957 2700 1068 2784 Caio),
1092 2703 1245 2787 mynqlrei

116 2802 192 2879 Caius
205 2811 310 2889 meus)
326 2808 414 2870 Mab.
432 2807 542 2869 eodem
558 2805 652 2868 modo
667 2816 705 2868 ut
718 2804 753 2869 in
767 2805 872 2868 medio
886 2805 937 2868 vel
951 2807 1016 2869 fine
1031 2828 1145 2869 vocum
1163 2808 1243 2872 doch

116 2908 237 2987 §luca
255 2932 350 2976 vacca
359 2936 369 2986 3
394 2912 486 2976 achei
498 2933 555 2995 pro
570 2932 608 2974 cc
623 2909 688 2993 coi)
696 2957 706 2987 ,
723 2910 935 2995 marcloyyon
958 2910 1105 2992 (equites,
1124 2933 1241 2975 emor-

116 3009 212 3098 dcacc),
228 3016 354 3101 cnthu
369 3018 478 3098 (mors,
492 3039 533 3079 ex
548 3019 674 3097 ancon).
703 3015 862 3080 Videntur
877 3026 983 3078 tamen
998 3017 1153 3097 quaedam
1168 3038 1242 3080 con·

116 3120 242 3199 Misere,
260 3144 320 3186 nec
341 3121 450 3185 statim
470 3121 555 3185 clara
576 3141 604 3183 e.
621 3142 670 3204 gr.
688 3131 736 3183 est
758 3141 853 3184 causa
874 3117 1071 3195 infectionis,
1089 3141 1146 3183 cur
1167 3121 1242 3184 scri·

116 3232 177 3300 ihm
195 3227 379 3291 inveniatur
404 3226 566 3290 hiberniae
592 3225 797 3290 circlinnecd
819 3225 1009 3309 (princeps),
1028 3224 1245 3307 sr‘rtlorebar're

116 3325 173 3403 [tua
183 3333 379 3419 prudentia),
394 3332 470 3396 imm
486 3332 585 3396 chaun
601 3331 698 3414 (circa
711 3334 833 3415 caput),
851 3354 925 3394 cum
939 3329 1045 3414 potius
1060 3329 1100 3392 ob
1114 3330 1244 3413 positio-

116 3449 163 3501 tun
177 3461 249 3503 cum
270 3438 393 3521 liquida
414 3438 664 3521 exspectandum
678 3436 720 3499 sit
734 3436 934 3512 circinnecl,
948 3434 1149 3519 firtreboire,
1168 3437 1244 3501 imm

116 3554 180 3619 >tom
201 3545 268 3609 sive
288 3565 345 3606 cur
370 3542 524 3605 cambricc
553 3541 707 3605 scribatur
733 3539 884 3605 arbcrrnic
904 3538 1081 3624 (princeps;
1104 3563 1121 3604 e
1141 3544 1243 3607 subst.

116 3651 179 3730 kun)
208 3661 241 3714 et
267 3660 378 3712 contra
397 3658 470 3731 post
491 3648 624 3710 eandem
650 3669 822 3710 consonam
845 3646 1046 3729 ywrtdeyrn,
1072 3648 1245 3733 qortdcyrn

116 3743 231 3836 [magum
252 3754 420 3829 dominus;
450 3752 685 3836 Gurtltiyernus
707 3774 740 3815 n.
758 3776 807 3837 pr.
825 3751 904 3827 viri;
927 3773 944 3814 e
967 3752 1068 3815 subst.
1088 3762 1188 3838 tegern,
1208 3753 1245 3818 o·-

116 3868 187 3940 κη).
217 3859 359 3924 Solvitur
373 3860 592 3937 contradictio,
610 3860 638 3923 si
659 3858 865 3922 conferuntur
879 3857 1112 3921 vetustissimae
1127 3857 1244 3920 formae

116 3973 209 4043 locum,
226 3965 346 4029 scilicet
365 3965 453 4029 ambi
472 3988 530 4048 pro
553 3966 647 4042 imm,
665 3964 733 4042 ari,
757 3988 813 4028 ore
835 3986 892 4048 pro
913 3963 965 4027 cir
980 3965 1026 4045 (p.
1046 3968 1076 4023 6.
1094 3966 1142 4041 7),
1160 3961 1246 4024 unde

116 4067 176 4130 uti
192 4095 266 4136 cenn
290 4083 322 4134 et
337 4071 503 4134 arecinaec
517 4073 601 4134 fiunt
616 4071 834 4147 innectens,
853 4070 929 4132 imm
944 4067 1044 4130 clean
1059 4076 1091 4127 et
1105 4063 1245 4128 circhin-

116 4171 344 4254 autumnae,
353 4189 387 4241 et
397 4177 568 4260 arepcnm'c
578 4177 731 4241 cambriae
743 4174 903 4250 artenaio,
914 4170 1055 4254 arbem),
1070 4170 1246 4232 secundum

116 4279 229 4356 mgulam
241 4284 400 4369 propriam
412 4284 567 4367 cujusque
580 4284 719 4369 linguae,
734 4283 830 4346 unius
842 4301 922 4363 quae
934 4276 1052 4360 aspirat
1063 4286 1153 4338 extra
1163 4275 1246 4358 posi-

117 4372 219 4465 tionem,
229 4390 369 4467 alterius,
381 4412 460 4474 quae
473 4389 629 4454 destituit.
651 4391 692 4452 In
703 4387 876 4471 composito
887 4383 1010 4447 hibern.
1017 4379 1243 4464 firtltrcbairc,
