2896 4980
139 328 201 392 382
343 326 390 390 ΙΙ.
415 334 447 389 4.
492 346 914 393 22ο2.2222.222222122.2
928 346 1092 392 mrrxuu.

138 511 186 562 est
211 508 295 561 certo
321 507 353 559 et
377 496 440 561 alio
465 498 559 560 modo
585 518 643 579 230
662 496 695 560 111
715 518 781 559 non
802 495 954 578 dicerem)
976 500 1049 573 183,
1070 501 1099 556 1.
1130 494 1202 557 12112
1217 508 1262 558 ora

138 604 237 667 sonna
250 623 293 664 an
308 602 409 685 magis
425 602 568 666 absolute
583 601 696 685 posita,
710 624 784 665 oum
797 623 863 665 nou
874 602 967 665 adest
980 599 1136 685 particula
1146 599 1261 663 verbalia:

137 728 206 770 soar
219 707 379 791 penokyll
398 729 441 769 an
452 728 548 789 porus
565 706 613 787 (in
627 706 800 790 pinnaculo
814 728 888 770 eum
902 706 1026 790 posuit)
1046 712 1097 782 13,
1115 711 1144 769 3.
1166 728 1205 768 oa
1216 706 1264 787 dep

131 834 195 895 pro
211 812 309 894 (edite
325 834 410 888 eum,
428 815 558 895 parram)
574 819 625 888 44,
644 820 675 875 4.

224 919 246 980 S
262 918 385 981 cornice
396 918 501 981 adhuc
511 937 660 1000 personas
671 917 856 1000 praesertim
865 917 992 1000 generis
1002 918 1151 983 feminini
1161 917 1265 981 indiot:

130 1022 245 1107 pyteth
259 1043 348 1086 mear
361 1045 398 1087 aa
413 1022 568 1097 hemeras,
585 1042 710 1106 peynys
726 1021 790 1106 lym
805 1043 842 1086 22
857 1022 1001 1088 honoros
1016 1024 1158 1107 (miseria
1170 1045 1266 1106 222322,

136 1128 259 1191 11ο12222
274 1148 360 1190 acres
375 1149 445 1189 eam
459 1136 622 1209 oeperunt,
640 1126 793 1202 Mariam
810 1126 882 1209 a’s),
900 1150 943 1191 on
959 1128 1030 1192 aetla
1044 1150 1082 1193 22
1093 1130 1215 1214 pwfffla
1226 1134 1267 1209 (12

136 1232 218 1315 31112
239 1253 309 1296 eam
328 1230 507 1313 percussit),
524 1230 628 1295 ankem
648 1253 737 1294 arear
757 1253 907 1317 aspreoye
921 1234 1061 1312 (moeror
1081 1252 1268 1316 2223222222

138 1338 325 1422 premebat),
343 1335 406 1421 hay
425 1337 497 1399 mot
520 1358 556 1400 os
576 1335 669 1420 portia
684 1339 730 1417 (et
752 1336 837 1400 filius
859 1335 928 1420 ejus
949 1358 1022 1401 eam
1042 1337 1189 1419 honorat)
1202 1339 1265 1401 Pus.

142 1450 213 1519 164,
232 1449 262 1504 2.
282 1447 354 1516 221,
373 1449 404 1503 4.
424 1446 496 1518 224,
517 1449 546 1504 1.
565 1447 638 1517 222,
658 1449 688 1503 4.
708 1446 781 1517 231,
801 1448 832 1504 2.
864 1443 1033 1506 Praeterea
1052 1464 1114 1520 res,
1132 1442 1194 1507 sive
1209 1462 1266 1505 ms

138 1548 283 1611 culinum
299 1546 341 1609 sit
355 1567 472 1608 nomen
488 1546 554 1610 sive
569 1546 771 1624 femininum,
788 1546 823 1610 in
838 1546 947 1610 formis
961 1570 999 1611 oe
1014 1559 1048 1611 et
1061 1571 1112 1633 ys,
1129 1570 1203 1632 quae
1214 1556 1265 1609 sunt
1296 1532 1305 1629 1

138 1652 298 1714 interdum
314 1650 476 1713 absolutae
489 1650 673 1733 positionis:
691 1652 733 1736 es
740 1652 885 1715 1221212122
897 1653 956 1716 dre
966 1673 1021 1715 sor
1032 1653 1108 1716 bras
1119 1649 1264 1718 1112211112
1297 1632 1305 1737 i

138 1778 207 1819 teon
229 1756 311 1837 (ipse
331 1754 462 1837 projecit
482 1755 514 1818 id
535 1777 608 1818 cunr
628 1757 675 1820 ira
695 1778 814 1840 magna
827 1755 971 1833 Judaeis,
988 1758 1092 1821 Judas
1113 1767 1262 1840 2232212221
1302 1760 1305 1843 ξ

137 1860 289 1945 orphans,
302 1882 415 1925 armor.
434 1858 579 1925 arc’hont
592 1866 705 1942 masc.)
718 1863 757 1925 P.
775 1868 845 1938 103,
862 1868 892 1924 3.
909 1884 952 1946 ny
966 1884 1011 1924 aa
1019 1884 1142 1944 pernae
1157 1861 1262 1926 tte-eo
1299 1902 1305 1947 -Ι

138 1966 210 2051 thyre
231 1967 273 2030 ha
294 1990 330 2031 os
345 1990 404 2051 pes
419 1970 491 2049 (2202
511 1989 585 2033 eum
606 1968 741 2032 emimus
761 1979 826 2031 212
840 1977 872 2030 et
885 1966 920 2029 id
933 1966 1100 2044 solvimus,
1118 1968 1261 2051 2232211221
1301 1974 1305 2051 j

141 2079 212 2149 105,
231 2078 261 2136 2.
278 2074 477 2158 yfejapqys
491 2096 529 2158 ys
544 2076 642 2158 drepy
661 2072 804 2158 01121212
819 2071 921 2136 tonan
937 2071 1014 2153 (suit
1028 2083 1192 2148 2121212222,
1204 2089 1258 2141 eam,
1303 2126 1305 2133 ,

138 2201 273 2256 crucem,
291 2190 415 2262 portare
430 2179 595 2243 Christum
609 2178 729 2260 ipsum)
748 2185 819 2254 160,
837 2186 869 2241 4.

221 2288 346 2348 Armor.
364 2285 396 2347 N
413 2305 529 2346 maso:
555 2283 687 2345 tennoez
707 2305 782 2345 roeo
805 2292 874 2345 trou
889 2281 977 2345 nider
990 2304 1049 2347 ren
1061 2303 1205 2365 prosena
1217 2281 1259 2360 (bt

137 2389 275 2453 netlictio
293 2388 376 2471 regis
398 2387 584 2451 thronorum
606 2409 680 2449 eum
701 2400 890 2470 praeservet,
908 2386 1080 2470 Davidem)
1097 2394 1169 2464 200,
1186 2392 1260 2448 184

139 2493 266 2577 toueoff
278 2541 285 2555 .
306 2515 391 2555 .nea
413 2493 528 2575 doewf
544 2492 645 2574 (juro,
663 2493 749 2574 quod
769 2514 844 2555 eum
863 2514 929 2555 non
949 2493 1040 2575 12112)
1059 2499 1131 2568 100,
1152 2499 1195 2555 10.
1214 2496 1260 2552 ea

134 2621 214 2683 poor
229 2601 287 2661 doe
301 2620 361 2660 oen
376 2596 557 2675 11222122
573 2597 644 2674 scis,
659 2599 748 2672 deus,
763 2598 848 2680 quod
859 2619 924 2660 non
936 2597 965 2660 ei
976 2597 1068 2673 nessi,
1082 2598 1162 2681 regi)
1175 2604 1215 2670 44,
1226 2598 1259 2653 21.

137 2706 272 2768 Neutr.:
298 2702 348 2765 ool
367 2722 387 2762 a
403 2723 479 2784 pres
491 2702 562 2784 fier
576 2724 629 2764 ma
650 2725 710 2765 nen
722 2724 798 2784 pres
813 2705 826 2781 (
828 2703 988 2785 jacturam
1001 2703 1079 2766 facis
1093 2691 1263 2786 2223222211
1303 2782 1305 2791 Ι

136 2832 202 2872 non
217 2809 250 2871 id
264 2807 354 2889 facis)
371 2814 441 2882 184,
457 2812 487 2868 8.
505 2829 566 2870 22212
577 2806 747 2890 qriffquet
761 2812 840 2888 (uon
854 2807 968 2870 faciam
979 2808 1026 2888 id)
1042 2814 1115 2886 188,
1130 2816 1161 2870 4.
1182 2808 1263 2870 vorm

137 2914 282 2979 absoluta
301 2913 379 2975 EN:
404 2933 464 2992 nep
486 2934 524 2974 en
545 2920 680 2974 tremene
696 2912 822 2994 (nequis
842 2933 917 2975 eum
939 2924 1091 2989 transeat,
1108 2914 1216 2991 locum)
1229 2909 1263 2973 11,

137 3029 168 3083 4.
186 3042 235 3102 po
250 3042 288 3082 en
309 3015 461 3099 mennoff
472 3039 532 3078 2222
548 3015 661 3098 oaffaf
675 3025 749 3099 quet
763 3017 804 3099 (si
819 3017 852 3079 id
867 3038 973 3099 posco,
990 3039 1057 3080 non
1072 3019 1201 3101 accipio)
1215 3016 1264 3081 1081

140 3133 190 3188 19.
216 3125 407 3189 0221222221
426 3144 500 3184 cum
514 3121 624 3183 eadem
638 3131 670 3183 et
684 3121 873 3202 pronomina
887 3121 1065 3203 personalia
1078 3143 1140 3200 me,
1157 3122 1206 3187 ni:
1218 3134 1267 3181 1221

134 3230 228 3314 proci
242 3228 372 3311 (3221122
386 3248 446 3309 ago
461 3226 504 3307 ei)
523 3233 594 3302 130,
616 3234 665 3288 14.
688 3247 759 3288 men
775 3235 822 3288 too
837 3230 909 3308 (ego
924 3226 957 3288 id
973 3226 1049 3309 juro
1056 3251 1066 3302 3
1090 3248 1141 3291 me
1154 3250 1191 3290 eo
1203 3219 1269 3288 teuit

141 3340 212 3408 172,
232 3336 355 3413 8)172,
376 3338 426 3391 17.
451 3352 521 3394 meo
543 3330 705 3412 rohe(ego
726 3330 760 3391 id
782 3331 902 3412 darem)
922 3337 992 3407 164,
1014 3338 1066 3393 14.
1089 3331 1148 3394 nin
1170 3324 1270 3394 12214111

138 3441 209 3518 (nos
225 3457 297 3497 eum
312 3434 575 3516 vituperabunus)
594 3443 644 3510 74,
665 3441 714 3497 11.
737 3435 794 3498 nin
806 3457 888 3519 prop
905 3436 1032 3499 badezet
1046 3438 1121 3517 (nos
1136 3457 1207 3499 eum
1217 3434 1272 3513 bap

139 3539 318 3619 tizabimus)
338 3546 409 3613 100,
430 3544 480 3599 18.

223 3644 250 3705 Ε
263 3642 362 3704 infixa
373 3641 524 3703 armorica
535 3641 570 3703 in
583 3644 668 3706 Buh.
680 3666 687 3706 :
702 3665 751 3707 me
760 3666 804 3728 pa
816 3646 955 3708 derelict
968 3693 976 3707 .
993 3693 1000 3708 .
1014 3645 1060 3708 Ito
1071 3647 1111 3709 de
1122 3636 1281 3727 dimiqws

140 3798 146 3812 .
168 3797 175 3812 .
197 3750 262 3811 .de
283 3747 435 3831 anterraf
450 3748 488 3809 de
507 3747 648 3831 aebeliof
656 3751 728 3830 (ego
746 3770 782 3811 eo
799 3751 840 3811 ad
854 3770 929 3810 eum
943 3749 1129 3826 videndum,
1148 3751 1278 3813 interan-

136 3857 225 3931 dum,
243 3851 473 3935 sepeliendum)
493 3858 542 3926 10,
563 3858 600 3912 18
617 3874 664 3934 sq.
687 3853 762 3915 duat
783 3855 822 3915 de
840 3854 947 3936 queat
960 3853 1081 3934 (venite
1103 3856 1147 3918 ad
1166 3875 1231 3918 eam
1245 3849 1279 3912 vi·

137 3961 286 4037 1122112222)
304 3962 382 4033 138,
403 3964 460 4032 16,
478 3956 505 4018 si
527 3954 744 4018 2211122112222
764 3979 830 4020 222
851 3957 957 4040 potius
978 3958 1145 4022 referenda
1165 3953 1282 4022 suntad

136 4084 310 4147 pronomen
330 4060 542 4145 possessivum
564 4059 699 4122 infixum
721 4062 761 4123 ob
782 4061 1052 4125 constructionem
1067 4062 1283 4126 infinitivonm

136 4189 223 4230 more
244 4166 524 4229 substantivorum.
557 4163 666 4246 Hujus
688 4176 795 4227 tamen
816 4165 946 4248 originis
968 4176 1017 4228 221
1039 4168 1143 4232 forma
1157 4168 1284 4233 absoluta

137 4271 195 4333 ke:
212 4292 260 4333 me
274 4270 313 4332 Ire
327 4270 407 4333 miro
423 4270 567 4351 (servabo
581 4290 666 4343 eum,
684 4269 803 4348 locum)
821 4269 905 4331 Buh.
925 4277 976 4346 02,
996 4277 1025 4332 3.

223 4374 312 4436 Plur.
326 4376 443 4436 22222122.
459 4375 486 4435 Ε
501 4373 551 4435 vel
567 4372 601 4448 S,
616 4382 653 4434 ut
668 4371 703 4434 in
717 4373 882 4455 singulari,
896 4396 953 4455 pro
968 4397 1162 4459 quocunque
1172 4394 1284 4461 322222.
