2896 4980
135 330 197 395 288
427 330 475 393 ΙΙ.
495 334 525 391 2.
570 347 771 393 nmnrsarro
786 345 1008 392 sanaremus.

134 501 289 576 rietatem,
307 497 554 581 deprehenditur
574 510 743 584 paupertas
762 510 794 562 et
808 498 984 561 sarmarum
998 498 1145 581 penuria.
1176 497 1290 564 Genera

136 606 222 669 enim
244 604 525 680 substantivorum,
543 616 581 668 ut
601 605 636 667 in
658 616 784 667 vetusta
806 602 970 666 hibernica
984 603 1110 687 lingua,
1128 602 1283 667 britannice

136 712 226 775 nullo
246 711 340 773 modo
360 710 584 774 discernuntur
604 728 736 773 casuum
751 708 899 784 flexione,
915 730 1037 772 nomen
1051 709 1160 792 potius
1173 709 1278 772 indecli-

137 817 243 881 nabile
264 815 327 879 dici
348 817 442 878 debet
461 838 519 898 per
540 837 643 879 casus.
684 815 929 878 Enumerandae
951 814 1023 878 ideo
1045 815 1132 880 solae
1153 814 1278 877 flexims

137 922 262 986 numeri
278 921 454 1004 utriusque,
472 921 635 1005 pauciores
650 920 776 984 numeri
791 920 974 1004 singularis,
987 942 1072 1005 quae
1087 921 1205 985 scilieet
1216 921 1278 982 liunt

138 1027 267 1093 nonnisi
292 1028 332 1091 ad
358 1028 601 1090 discernendum
627 1048 729 1110 genus
755 1026 1000 1109 adjectivorum,
1024 1029 1133 1111 plures
1158 1025 1275 1109 pluralis,

139 1149 204 1199 tarn
226 1133 497 1197 substantivorum
511 1155 607 1215 quam
622 1131 860 1215 adjectivorum,
878 1132 994 1215 quibus
1009 1133 1063 1197 hic
1078 1152 1225 1196 numerus
1237 1127 1277 1192 dil·

139 1243 199 1304 fert
220 1263 239 1303 a
259 1237 423 1322 singulari.
456 1239 612 1301 Addenda
633 1249 710 1301 sunt
730 1248 838 1301 tamen
859 1239 1033 1322 peculiaria
1053 1238 1208 1323 quaedam
1226 1235 1278 1298 sub·

140 1348 350 1411 stantivorum
377 1343 728 1427 linguae'britannicae
753 1344 990 1408 collectivorum
1016 1357 1050 1408 et
1075 1338 1277 1426 singularitati

141 1466 236 1536 atque
250 1450 375 1514 numeri
390 1450 494 1512 dualis
510 1460 633 1533 praeter
647 1470 765 1533 paucas
780 1449 932 1513 flexiones
947 1449 1124 1513 anomalae.

226 1559 295 1620 Nee
317 1577 390 1618 vero
412 1555 544 1638 pluralis
565 1554 691 1617 numeri
705 1554 858 1618 flexiones
872 1556 923 1618 vel
939 1553 1180 1619 terminationes
1193 1548 1279 1615 nune

141 1663 272 1727 rosiores
287 1672 364 1725 sunt
377 1660 522 1745 propriae
537 1660 634 1743 hujus
649 1661 700 1722 vel
715 1660 801 1724 illius
813 1660 949 1744 generis,
964 1661 1021 1722 sed
1031 1680 1214 1723 communes
1222 1655 1277 1719 uti

142 1792 203 1853 que
222 1767 341 1852 generi,
359 1766 536 1829 masculino
557 1777 589 1830 et
603 1766 768 1843 feminino,
786 1787 867 1850 quae
881 1765 1060 1828 britannice
1075 1765 1180 1828 adhue
1193 1760 1278 1826 dotr-

141 1885 296 1959 guuntur.
330 1872 464 1936 Generis
484 1874 628 1936 neutrius
649 1872 735 1935 enini
756 1893 837 1955 quae
851 1872 982 1935 fuerimt
995 1871 1147 1955 primitus
1162 1871 1277 1933 substa·

143 1981 208 2043 tiva
229 1979 313 2042 inter
339 1979 515 2042 masculina
536 1990 662 2062 recepta
691 1989 783 2053 sunt,
809 1989 847 2040 ut
871 1998 899 2039 e.
922 1999 970 2061 gr.
994 1976 1159 2039 hibemiea
1182 1980 1277 2038 vetut

142 2096 257 2149 neutra
278 2087 320 2147 tr'r
342 2087 471 2168 (terra),
496 2083 583 2147 aiam
605 2088 749 2167 (nomen)
772 2094 850 2146 sunt
868 2081 1046 2146 masculina
1067 2081 1277 2144 hodiernam

143 2191 299 2254 cambriea
319 2190 362 2254 tir
383 2200 416 2251 et
437 2210 515 2265 ento,
534 2212 630 2272 quam
651 2189 804 2252 armorica
827 2188 870 2252 tir
889 2200 921 2251 et
941 2187 1036 2251 hano.
1070 2189 1161 2253 Inter
1181 2189 1292 2281 duore¹

144 2297 236 2360 sidua
255 2317 371 2379 genera
393 2295 571 2358 britannica
592 2317 666 2357 cum
687 2295 729 2357 sit
744 2294 873 2357 nonnisi
889 2292 1152 2357 terminationum
1165 2290 1277 2355 aeriar-

146 2403 226 2466 tium
247 2400 428 2464 distributio
449 2412 534 2463 certa
556 2404 650 2483 (quae
673 2399 910 2464 terminationes
928 2420 1004 2481 ergo
1018 2420 1123 2482 genus
1138 2390 1277 2462 sumant

145 2530 256 2570 vorum
276 2506 526 2569 britannicorum
541 2507 708 2587 prodentes
723 2505 921 2589 proferentur
936 2504 1020 2567 infra
1034 2504 1074 2567 in'
1086 2505 1187 2588 capite
1198 2499 1278 2565 dede

145 2612 325 2692 rivatione),
343 2609 447 2692 sitque
465 2610 562 2672 etiam
577 2610 736 2673 interdum
752 2611 877 2674 nutatio
892 2609 976 2673 inter
991 2611 1201 2673 masculinum
1214 2602 1277 2669 eft-

145 2714 342 2790 minirrum‚*
357 2736 423 2777 non
439 2716 613 2777 secundum
627 2737 744 2797 genera
759 2717 1031 2780 enumerabuntur
1045 2714 1189 2799 exempla
1201 2706 1277 2774 necin

146 2824 201 2886 illo
222 2843 366 2897 numero,
384 2823 517 2885 addetur
540 2832 646 2883 tamen
668 2821 865 2905 frequentius
884 2842 986 2904 genus
1001 2821 1193 2895 vetustioris,
1209 2817 1277 2896 εἰει)

146 2941 245 3016 paret,
263 2929 313 2992 vel
328 2928 499 2992 hodiernae
513 2928 652 3011 linguae.

606 3129 856 3211 Singularis.

233 3301 334 3363 Nulla
355 3322 486 3364 casuum
508 3299 602 3361 flexio
624 3320 682 3360 nee
704 3298 895 3361 substantivi
918 3321 976 3362 nec
999 3297 1148 3382 adjectivi
1167 3288 1283 3360 etianir

149 3405 373 3468 vetustioribus
393 3406 517 3488 glossis,
536 3427 564 3466 e.
581 3427 629 3487 gr.
648 3404 683 3466 in
698 3404 822 3466 Oxou:
848 3426 920 3467 nom
942 3404 972 3468 ir
995 3402 1216 3486 bleuportlaetio
1228 3391 1284 3461 leel

150 3509 208 3592 (gl.
227 3509 344 3591 templa
367 3510 525 3591 lanigerae
541 3510 729 3591 juvencae),
748 3531 784 3571 or
802 3531 887 3592 para
904 3510 961 3593 (gl.
979 3509 1119 3592 medio),
1138 3508 1172 3572 in
1192 3506 1283 3588 irate

150 3613 296 3677 rimhetie
308 3614 379 3676 daal
392 3615 449 3695 (gl.
464 3615 499 3676 in
510 3627 622 3696 arguto
634 3615 726 3697 loro),
741 3636 778 3676 or·
789 3614 922 3679 dometio
934 3615 991 3697 (gl.
1007 3615 1183 3695 edomito).
1206 3603 1284 3675 vesti·

219 3899 231 3925 ‘
249 3898 311 3951 Non
330 3897 417 3951 solum
435 3899 463 3952 iu
482 3899 594 3953 diversis
611 3900 731 3954 dialectis
749 3900 797 3953 sed
816 3901 896 3953 etiam
917 3901 945 3953 in
958 3900 1052 3954 eadem
1064 3901 1172 3954 diverso
1183 3907 1282 3968 tempere·

152 3985 194 4037 Ita
211 3983 297 4035 subst.
317 3983 379 4036 sem.
393 3984 498 4038 hibern.
518 3993 572 4037 vet.
591 3984 688 4037 airnser
709 3985 834 4055 (tempus)
849 3994 890 4038 est
907 3986 987 4038 etiam
1006 3987 1138 4040 armoriae
1156 3983 1283 4039 semaam

150 4087 245 4133 omaer,
261 4069 309 4122 sed
321 4070 452 4123 cambrice
465 4069 650 4135 masculinum,
666 4079 697 4123 ut
709 4071 798 4135 hodie,
814 4071 871 4140 jam
891 4072 918 4124 in
931 4073 998 4141 Leg.
1012 4071 1115 4141 praei:
1130 4091 1162 4124 en
1176 4089 1210 4141 Ψ
1224 4075 1285 4120 Μ

148 4154 213 4221 plan
225 4154 317 4205 latinu
332 4154 417 4223 (sacro
435 4155 485 4207 hoc
504 4162 639 4225 tempore;
660 4173 737 4226 pron.
752 4156 855 4207 terena
867 4156 972 4226 masc).
999 4156 1054 4209 Sed
1066 4173 1136 4227 quae
1148 4156 1177 4210 in
1187 4156 1245 4224 Lep
1253 4143 1284 4201 δὲ*

151 4237 203 4290 huo
221 4237 395 4292 inveniuntur
413 4247 565 4292 constructa
582 4245 613 4292 ut
631 4239 760 4292 feminina
777 4240 944 4293 substantiva
962 4240 1084 4297 derivata
1101 4242 1179 4294 -aetlt
1198 4238 1283 4311 (hibfflr

151 4329 204 4373 ret.
218 4327 287 4385 -aet,
302 4325 382 4376 -aclat
394 4323 479 4393 sem),
494 4330 623 4378 notantur
642 4324 789 4379 masculina
809 4325 837 4378 in
855 4324 949 4379 lexicis
966 4326 1114 4381 hodiernae
1125 4327 1283 4397 linguaue

152 4409 247 4462 brioae.
