2896 4980
653 123 849 168 amaneum.
1290 111 1335 166 XI

19 321 25 359 ;
164 278 246 351 culo
266 277 476 372 praeminet
495 276 606 349 lexici
624 285 663 350 et
678 279 933 372 grammatices
951 287 1078 351 auctor
1090 278 1155 350 W.
1177 278 1332 352 Owen.

10 455 23 466 .
164 397 270 492 cujus
297 419 411 490 opera
432 396 649 490 prodierunt
671 397 833 491 primum
863 422 897 469 a.
929 397 1025 470 1803
1052 395 1249 469 Londinii:
1277 395 1335 466 “A

10 579 20 589 .
163 539 352 610 grammar
376 512 418 587 of
436 515 499 587 the
517 514 631 588 welsh
657 515 878 611 lauguage”‚
908 517 965 586 “A
984 516 1186 610 dictionary
1210 512 1253 585 of
1272 513 1335 584 the

163 633 280 706 welsh
298 632 520 729 language”.
563 633 761 706 Recentior
783 634 896 705 editio
920 635 977 705 “A
996 633 1198 727 dictionary
1217 629 1259 702 of
1273 631 1336 702 the

10 783 14 795 ¹
164 751 281 823 welsh
317 749 514 846 language.
567 753 648 825 The
683 754 817 824 second
852 752 992 823 edition
1025 754 1076 846 by
1109 751 1174 821 W.
1203 751 1336 853 Owen

10 941 20 953 ,
164 870 345 964 Pughe.
381 869 558 965 Denbigh
579 870 697 944 1832”
723 894 789 964 pro
809 896 830 942 z
847 880 884 942 et
901 895 921 941 υ
939 869 1069 964 prioris
1087 868 1232 941 solitam
1249 866 1337 938 scri-

10 1060 22 1071 ,
165 988 333 1081 ptionem
356 986 406 1059 dd
421 987 503 1084 ets
511 990 673 1061 reduxit.
710 989 747 1060 N
749 988 961 1061 ovissimum
978 1013 1087 1082 opus:
1125 989 1182 1057 “A
1206 984 1336 1056 dictio-
1409 1024 1412 1029 ,

167 1129 256 1200 unry
287 1103 332 1177 of
358 1105 421 1177 the
451 1107 567 1180 welsh
596 1109 794 1205 language.
841 1111 895 1181 To
918 1108 1040 1180 which
1066 1109 1097 1179 is
1122 1104 1289 1201 prefixed
1314 1127 1337 1175 a

10 1277 32 1321 .·.
167 1248 352 1317 grammar
365 1222 408 1295 of
418 1226 481 1297 the
496 1227 612 1299 welsh
624 1228 822 1322 language.
851 1228 908 1322 By
921 1227 1092 1298 William
1108 1221 1331 1320 Spurrell¹

10 1402 15 1438 p
168 1341 546 1419 Carmarthen1848”
566 1345 860 1439 compendiosius
877 1354 944 1428 est,
967 1348 1066 1437 quod
1081 1345 1251 1416 comitem
1269 1342 1337 1414 ali-

28 1508 46 1574 .'
169 1474 350 1553 quantum
367 1463 584 1558 ampliorem
603 1475 641 1536 et
662 1464 810 1559 majoris
833 1464 1098 1535 aestimandam
1122 1465 1235 1535 habet
1253 1485 1337 1556 par-

22 1627 49 1664 ·:
170 1591 238 1651 tem
258 1581 663 1675 anglico-cambucam:
683 1584 768 1654 “Au
786 1582 1064 1678 english-welsh
1081 1582 1337 1677 pronouucing

10 1750 15 1780 r
42 1754 57 1763 .
168 1699 384 1794 dictionary.
413 1700 804 1773 Carmarthen1850.”

267 1819 421 1890 Formas
446 1819 596 1914 linguae
621 1821 787 1893 comicae
813 1819 1022 1890 emorientis
1050 1819 1221 1911 proponit
1245 1841 1337 1910 opus

31 1943 59 1993 '-
168 1937 405 2031 inscriptum:
425 1939 716 2034 '‘Archaeologia
733 1937 1083 2019 cornu-britannica,
1106 1960 1147 2007 or
1165 1936 1337 2029 anEssay

10 2080 41 2125 ss
168 2066 201 2127 to
218 2079 394 2150 preserve
413 2058 476 2128 the
495 2058 643 2130 ancient
660 2057 805 2130 comish
823 2056 1019 2150 lenguage,
1041 2053 1256 2145 containing
1273 2053 1337 2123 the

37 2215 53 2225 ·
166 2175 373 2246 rudimenta
396 2173 439 2246 of
452 2176 534 2249 that
551 2176 687 2247 dialect
707 2176 748 2247 in
765 2200 788 2247 a
805 2175 950 2247 comish
968 2198 1151 2268 grammar
1168 2173 1241 2243 aud
1258 2194 1338 2242 cor-

32 2331 47 2340 ·
166 2291 415 2387 dish-english
432 2293 665 2388 vocabulary.
709 2293 765 2388 By
783 2293 954 2389 William
971 2293 1002 2364 P
1008 2317 1126 2388 ryce,
1150 2294 1205 2362 M.
1228 2292 1277 2362 D.
1299 2288 1342 2361 of

20 2482 29 2496 ,
167 2408 351 2492 Redruth
374 2410 570 2482 Comwall.
593 2411 801 2485 Sherbome
824 2411 952 2483 1790?

267 2529 463 2600 Armorica
486 2529 616 2624 lingua
640 2530 818 2601 hodierna
842 2538 926 2624 post
943 2528 1181 2621 Lepelleterii
1198 2529 1331 2610 studia,

10 2668 14 2686 ⁸
167 2646 272 2741 cujus
285 2669 379 2739 opus
388 2646 605 2740 inscriptum
619 2656 693 2718 est:
713 2648 989 2720 ‘'Dictionuaire
1002 2649 1047 2718 de
1059 2647 1097 2717 la
1108 2646 1245 2740 langue
1254 2648 1337 2717 bre-

10 2818 17 2831 .
167 2772 300 2844 tanne,
329 2788 398 2857 par
420 2765 518 2836 Dom
535 2765 650 2836 Louis
668 2766 728 2836 Le
746 2765 984 2847 Pelletier‚
1015 2763 1200 2857 religieux
1216 2764 1337 2833 Bend-

10 2919 18 2928 ·
167 2881 298 2952 dictin.
320 2882 427 2955 Paris
443 2882 579 2966 1752'’‚
602 2883 781 2954 cultorem
798 2882 1040 2976 praecipuum
1057 2881 1199 2950 invenit
1217 2881 1337 2973 Lego-

167 2999 354 3071 uidecnm.
402 3004 566 3095 Operum
591 3001 670 3096 ejus
688 3002 801 3072 editio
824 3000 1020 3072 notissima
1036 2999 1128 3072 haee
1146 3006 1219 3068 est:
1247 2996 1337 3066 “Di-

167 3116 372 3189 ctiouuaire
390 3116 694 3210 franceis-breton
712 3121 758 3190 de
777 3121 836 3190 Le
848 3118 1055 3201 Gonidec,
1079 3115 1220 3188 enrichi
1237 3115 1337 3185 d'ad-

168 3235 306 3307 ditions
330 3245 367 3307 et
385 3237 472 3307 d’un
490 3235 582 3308 essai
599 3261 662 3308 sur
678 3236 853 3309 l'histoire
871 3234 917 3308 de
934 3237 972 3307 la
989 3237 1124 3330 langue
1142 3238 1333 3307 bretonue.

167 3354 241 3425 Par
266 3354 341 3424 Th.
368 3354 525 3425 Hersart
552 3354 598 3424 de
626 3352 664 3423 la
691 3353 1016 3445 Villemarqud.
1069 3354 1337 3425 Saint-Brieuc

172 3470 307 3552 1847”‚
338 3478 376 3542 et
397 3471 679 3543 “Dictionnaire
705 3471 1026 3563 breton-franceis
1050 3474 1096 3543 de
1114 3474 1175 3544 Le
1193 3472 1338 3545 Goni-

167 3589 266 3671 dcc,
290 3589 445 3681 precede
463 3590 510 3660 de
528 3613 568 3659 sa
585 3590 803 3683 grammaire
822 3594 1012 3674 brctoune‚
1036 3600 1073 3662 et
1091 3591 1232 3661 enrichi
1250 3592 1337 3662 d’un

167 3716 442 3800 avant-propos.
470 3706 689 3778 d'additions
708 3716 745 3778 et
763 3710 808 3779 de
826 3716 920 3779 mots
938 3709 1067 3804 galleis
1085 3719 1123 3780 et
1141 3708 1241 3803 gatils
1259 3731 1338 3778 cor-
1427 3766 1430 3771 .

168 3824 412 3917 respondente
438 3848 487 3894 au
505 3824 655 3899 Breton.
702 3825 776 3897 Par
793 3827 865 3898 Th.
884 3827 1041 3899 Hersart
1067 3829 1112 3898 dc
1134 3825 1172 3895 la
1189 3823 1338 3895 Ville-

168 3941 367 4032 marque'.
397 3941 667 4013 Saiut-Brieuc
690 3942 824 4014 1850.”
862 3944 1007 4016 Citatur
1030 3945 1069 4013 in
1088 3951 1210 4013 uestro
1228 3965 1338 4036 opere

166 4056 364 4149 aliquoties
375 4059 616 4153 grammatica
628 4059 793 4154 ejusdcm
807 4061 968 4156 linguae,
991 4084 1085 4152 quac
1099 4061 1236 4152 prodiit
1250 4063 1338 4132 Pra-

166 4198 234 4269 gac
260 4177 355 4247 1800
374 4177 444 4247 sub
463 4176 589 4249 titulo:
617 4180 634 4197 “
648 4178 900 4249 Grammatico
912 4176 1199 4260 latino-celtica,
1223 4178 1338 4249 doctis
