2896 4980
206 336 280 399 XIV
696 349 892 392 russrsrro.

203 510 353 604 papirio.
369 502 457 577 212b
471 534 478 576 :
497 509 598 577 tertio
613 505 709 576 horo.
725 496 831 574 228l:
852 513 983 598 tempus
993 500 1212 596 estproudii.
1237 500 1283 570 In
1294 499 1376 593 plu-

210 626 312 697 ribus
329 624 419 695 locis
437 632 634 695 occurrunt
651 621 899 692 invocationes
916 620 987 696 dci.
1011 620 1148 690 Christi
1164 619 1221 689 vel
1234 628 1376 689 sancto

212 768 293 816 rum
316 743 608 815 hibernicorum:
638 753 759 813 auctor
776 740 910 811 adiuuo
935 740 1023 810 lucis
1042 751 1176 809 caterua
1191 739 1279 808 208.
1301 762 1372 809 sco.

213 867 311 935 trini.
337 863 421 934 177.
441 861 535 958 forre
551 885 631 957 tupa
653 861 788 931 adiano
804 882 885 954 apa.
909 858 997 929 231.
1021 857 1107 928 241.
1139 861 1177 927 io
1195 880 1270 927 noe.
1293 857 1378 927 almi

161 999 170 1017 ¹
206 986 262 1079 pt.
300 983 468 1076 (utraque
494 980 603 1053 litera
628 1002 712 1048 cum
739 977 839 1047 linea
862 979 1039 1070 perducta
1056 976 1116 1046 vel
1140 976 1375 1068 supraducta.

207 1101 366 1200 patricia]
394 1101 482 1171 218.
507 1123 568 1194 pe.
599 1098 746 1169 adituro.
764 1094 933 1193 satrape.
966 1096 1134 1190 (utraque
1161 1094 1269 1164 litera
1296 1117 1380 1163 cum

213 1219 322 1315 linea)
346 1220 430 1291 174.
453 1217 537 1289 181.
559 1240 631 1287 sco.
656 1216 935 1310 bripitoodiuuo
952 1218 1152 1309 serapte-rem
1170 1216 1274 1283 istius
1291 1215 1381 1283 ortis

218 1323 396 1410 luascu
420 1337 548 1431 brigita
566 1359 628 1406 oro
640 1358 707 1429 pro
726 1335 825 1404 uobis
844 1334 927 1406 184.
939 1331 1033 1428 ,forre
1047 1333 1173 1427 brigita
1192 1327 1287 1402 191⁶.
1312 1331 1382 1401 bri-

209 1460 288 1551 qua
307 1455 441 1526 autrum
466 1446 567 1524 206⁵.
595 1456 633 1524 a
651 1475 727 1524 noe.
749 1455 812 1523 su.
836 1436 1007 1523 stamar
1026 1451 1113 1521 221.
1147 1474 1214 1521 scs.
1237 1450 1381 1521 etorme-

216 1579 286 1645 tt'us
304 1584 378 1645 oret
385 1596 454 1667 pro
473 1573 572 1644 uobis
586 1572 672 1641 222.

322 1692 424 1761 Inter
451 1690 586 1783 glossas
608 1689 789 1784 ejusmodi
808 1687 1027 1783 marginales
1053 1687 1259 1759 hibernicas
1277 1707 1382 1779 prae-

216 1811 324 1903 cipue
343 1809 524 1879 notandae
543 1815 629 1877 sunt
647 1815 840 1899 sequentes
858 1805 976 1878 factae
995 1807 1175 1900 scriptura
1192 1804 1377 1900 ogamica:

206 1928 268 2025 fel
290 1939 446 2000 martura
478 1923 625 2020 (festum
643 1926 809 2022 Martini)
837 1929 898 1999 70.
930 1938 1046 1998 cocart
1068 1924 1252 2019 (corriget)
1285 1922 1378 1994 193².

221 2040 319 2118 194⁵.
351 2057 467 2117 cocart
488 2048 564 2117 tuso
593 2044 744 2140 (corrige
767 2045 856 2116 hoc!
880 2043 927 2117 cf.
951 2045 1014 2139 sg.
1038 2046 1117 2116 90⁸:
1146 2044 1182 2116 oI
1197 2045 1378 2121 uacocorti,

216 2164 267 2259 gl.
296 2166 396 2256 quod
421 2164 470 2236 sit
495 2164 778 2259 emendandum)
810 2164 905 2235 196¹.
937 2164 1078 2235 Iutheirt
1101 2163 1241 2256 (eadem
1265 2160 1384 2255 glossa

216 2283 330 2355 etiam
353 2283 435 2353 189·
451 2281 576 2353 latinis
594 2279 710 2351 literis
727 2281 878 2374 scripta,
908 2282 1135 2376 significans,
1162 2288 1205 2352 ut
1222 2280 1379 2359 uidetur,

217 2401 317 2494 apud
336 2399 501 2479 tertiam,
531 2396 630 2468 idem
654 2400 753 2490 quod
778 2398 897 2493 glossa
919 2399 1036 2470 latina
1054 2394 1142 2470 212⁵
1166 2401 1268 2470 tertio
1286 2398 1383 2490 tora)

219 2511 308 2589 204b
362 2517 408 2587 In
425 2515 582 2609 paginae
605 2517 674 2587 170
694 2517 859 2609 margine
877 2519 1062 2611 superiore
1080 2518 1281 2610 scripturae
1299 2539 1385 2610 oga-

218 2635 334 2706 micae
352 2657 435 2728 pars
454 2633 575 2704 decisa
592 2642 647 2705 est
664 2659 686 2704 a
702 2635 927 2731 bibliopego.
963 2636 1122 2732 Figurae
1141 2659 1226 2729 ergo
1244 2634 1304 2707 vel
1321 2658 1385 2728 po-

220 2754 293 2825 tius
318 2753 438 2823 lineae
456 2754 660 2847 ogamicae‚
691 2777 767 2826 non
784 2755 947 2827 diuersae
971 2759 1017 2827 ab
1035 2757 1081 2827 iis
1099 2779 1193 2847 quae
1211 2760 1386 2825 notantur

220 2895 243 2942 a
268 2871 516 2967 grammaticis
540 2872 758 2955 hibemicis‚
789 2899 822 2945 c.
854 2899 908 2968 gr.
939 2899 998 2968 ap.
1028 2876 1217 2946 O’Donov.
1246 2873 1381 2944 introd.

219 3140 345 3194 Patn'cii.
364 3141 416 3194 Est
428 3140 499 3194 enim
512 3142 563 3195 hoc
576 3158 673 3195 nomen
686 3142 769 3197 latine
778 3142 915 3197 redditum
922 3143 1028 3196 hibern.
1038 3141 1210 3211 Muelpdtm'a
1226 3141 1388 3193 conveniens

220 3226 363 3290 monacho,
384 3234 416 3279 ut
427 3227 455 3279 in
468 3227 510 3280 his
522 3227 716 3297 marginalibus
729 3229 809 3282 etiam
822 3228 932 3281 obvium
945 3228 1124 3297 Muelbrr'pte,
1145 3227 1163 3280 i.
1178 3245 1202 3279 c.
1217 3225 1316 3280 calvus
1328 3226 1388 3279 Bri·

221 3310 309 3380 gitae,
330 3309 517 3379 conpages.
530 3311 654 3379 abripit,
674 3320 702 3364 et
719 3312 796 3377 tradet,
819 3313 901 3376 street,
925 3312 990 3366 hod.
1009 3314 1095 3377 maol,
1116 3313 1208 3367 calvus
1231 3312 1275 3382 (cf.
1298 3319 1389 3364 tamen

221 3393 322 3446 eambr.
336 3393 410 3456 mail,
425 3411 526 3457 servus,
540 3411 567 3463 p.
585 3395 655 3464 121).
687 3395 841 3449 Occurrunt
852 3398 919 3450 haec
931 3397 1054 3461 nomina,
1074 3398 1174 3450 usitata
1186 3396 1303 3450 suorum
1316 3396 1390 3469 apud

222 3477 375 3541 Hibernos,
402 3477 430 3530 in
448 3476 625 3547 scriptoribus
643 3477 724 3532 editis
744 3479 778 3532 ab
796 3480 916 3534 O’Con.=
934 3481 1114 3549 Muelprotras'c
1127 3487 1151 3545 3,
1173 3485 1232 3535 tat.
1264 3482 1390 3551 Muolpra-

222 3561 313 3614 dras'cc
325 3566 350 3626 3,
366 3565 425 3614 363.
440 3564 500 3614 393.
511 3562 666 3631 Maelbrt'qta
681 3567 704 3627 1,
726 3564 834 3634 Proleg.
846 3565 884 3629 11,
899 3582 926 3636 p.
937 3565 1064 3619 CXLIII.
1083 3567 1275 3620 ,traottbrtecue
1288 3574 1313 3630 3,
1327 3570 1388 3619 393.

223 3646 289 3700 ruit
300 3646 461 3715 Moetbm'qa
474 3647 554 3700 etiam
566 3665 665 3701 nomen
683 3647 851 3701 hibernicum
864 3650 981 3704 Mariani
994 3649 1068 3705 Scoti
1086 3652 1199 3716 inclusi,
1221 3658 1252 3704 ut
1263 3657 1339 3721 patet
1357 3666 1391 3703 ex

223 3730 316 3800 primis
334 3730 419 3784 literis
431 3731 599 3801 singularum
610 3749 706 3786 uocum
716 3751 851 3797 versuum,
866 3734 965 3806 quibus
978 3737 1122 3790 chronicon
1135 3754 1213 3790 suum
1226 3735 1322 3800 finivit,
1338 3735 1392 3789 col·

224 3815 301 3869 lectis
322 3815 421 3886 (Perta.
442 3820 467 3880 7,
487 3833 514 3886 p.
535 3819 585 3870 484
605 3826 662 3871 not.
679 3822 719 3883 19,
740 3828 806 3889 etp.
821 3821 899 3890 500)=
924 3820 1086 3890 Moelbrt'qta
1104 3820 1394 3874 clauseuairromtiuot

226 3900 278 3970 (M.
292 3900 412 3955 inclusus
423 3919 466 3954 me
479 3901 610 3972 collegit),
631 3910 659 3956 et
670 3921 704 3956 ex
713 3905 934 3959 adnotationibus
947 3906 1051 3960 duabus
1064 3906 1093 3960 in
1105 3907 1163 3978 ejus
1176 3906 1278 3970 codice,
1293 3905 1393 3975 quibus

225 3985 340 4056 scriptor
358 3986 416 4056 ejus
436 3984 534 4039 Scotus
552 4004 614 4040 eum
631 3989 794 4060 alloquitur:
819 4009 836 4042 a
854 3991 992 4061 urtlbrt'pte
1010 3992 1140 4045 cluseuair
1161 3992 1235 4062 (οΜ.
1250 3989 1352 4043 incluse
1360 3990 1390 4059 ἴ),

226 4087 295 4140 quae
307 4071 428 4141 integrae
440 4089 504 4126 mox
516 4071 586 4125 infra
597 4075 776 4143 proferentur.
814 4077 970 4147 Composita
981 4094 1041 4130 cum
1054 4077 1128 4143 mail,
1143 4078 1221 4141 muel,
1236 4075 1313 4138 muel,
1328 4074 1394 4127 matt

226 4155 336 4207 nomina
348 4155 466 4210 virorum
479 4164 543 4210 sunt
555 4167 692 4227 practerea
709 4162 837 4231 plurima,
859 4179 882 4214 e.
897 4179 938 4231 gr.
958 4161 1029 4215 inter
1041 4162 1151 4214 nomina
1167 4179 1262 4231 regum
1274 4160 1393 4213 hiberni-

227 4255 319 4292 corum
332 4241 452 4309 ejusdem
464 4241 564 4295 codicis
584 4243 637 4313 (ap.
651 4246 738 4299 Perta.
754 4264 780 4317 p.
794 4247 855 4316 556)
880 4247 999 4299 Yrtctlrul
1010 4246 1159 4316 Μαὶῐρανό,
1173 4245 1391 4307 Murmeclmuell,

227 4323 319 4376 Florus
337 4343 396 4376 oruc
413 4326 629 4395 Moilscclmaill,
649 4331 692 4384 vel
711 4331 740 4384 in
758 4331 819 4384 aliis
839 4331 905 4386 locis
927 4331 963 4402 (p.
978 4336 1038 4385 556.
1053 4336 1113 4385 558.
1129 4333 1189 4402 560)
1210 4331 1392 4394 Moclcoluim,

227 4409 366 4463 Murclrorl
376 4428 408 4462 oa
420 4412 599 4479 ⁴lIoelaambo,
614 4416 720 4486 aliaque
732 4415 812 4469 ctiam
825 4416 898 4486 apud
910 4416 1012 4470 O’Con.
1027 4411 1116 4471 obuia.⁴
