2896 4980
286 372 353 436 III.
373 378 403 434 1.
449 391 657 436 rsarroumn
671 392 1092 438 1111111111111111111.
1210 375 1269 436 421

131 549 200 603 aaut
212 540 471 622 (animadvertere
485 540 589 625 coepit
603 542 759 625 accepisse
773 543 913 625 plagam)
930 541 1018 604 Mab.
1039 548 1068 617 1,
1087 547 1135 603 13.
1155 543 1271 626 tybyqu

125 646 209 730 'plad
226 644 279 708 ka·
292 645 431 727 (credere
445 656 627 730 coeperunt,
646 669 773 710 caesum
787 669 855 710 esse
869 646 998 728 Caium)
1016 653 1045 722 1,
1066 649 1138 708 258.
1159 650 1271 733 qwedy

120 751 211 836 elpbot
227 772 358 836 ryuarw
373 753 554 834 (postquam
569 751 733 815 audiverat
746 764 909 816 mortuum
923 753 1004 833 esse)
1022 758 1052 827 3,
1072 755 1144 813 298.
1176 754 1271 820 Quod

120 864 261 921 truatur
275 855 453 919 infinitivus
468 866 506 918 ut
521 856 766 934 substantivum,
781 858 891 920 eadem
905 856 1055 941 loquendi
1071 856 1205 921 formula
1221 881 1270 922 oc·

120 961 205 1024 :urrit
226 972 298 1045 post
317 962 430 1045 qwedy
453 964 571 1044 (post),
596 962 736 1047 odmoyt
756 964 938 1045 (postquam
961 963 1081 1025 facttum
1109 974 1173 1039 est;
1198 964 1220 1026 i.
1239 987 1266 1027 e.

120 1070 305 1149 mquam:
328 1066 441 1149 pwady
463 1075 598 1151 ryuynet
616 1067 798 1151 ywylltineb
819 1069 945 1152 yndont
962 1089 983 1129 a
1003 1067 1122 1152 appelli
1135 1090 1173 1130 eu
1188 1069 1271 1153 lepra

120 1175 291 1256 'postquam
312 1171 447 1234 redierat
467 1171 574 1234 feritas
596 1171 641 1234 eis
664 1181 697 1233 et
718 1171 889 1234 amiserant
906 1193 1024 1234 cornua
1039 1193 1107 1248 sua,
1125 1179 1269 1256 capreae)

119 1278 195 1340 llab.
216 1284 246 1353 1,
262 1282 335 1338 236.
352 1298 402 1358 pa
416 1297 485 1361 ryw
502 1275 661 1338 eltwedleu
675 1277 776 1360 yssyd
785 1285 913 1361 pennyt.
937 1277 1009 1360 Nyt
1020 1297 1071 1338 oea
1086 1297 1205 1361 aomyn
1221 1279 1271 1341 bot

119 1406 128 1455 1
148 1382 230 1444 iarll
241 1404 280 1444 oe
294 1381 364 1444 hott
375 1381 443 1443 alla
456 1382 567 1464 ywedy
582 1401 621 1465 tp
637 1381 795 1464 dr'spynau
811 1381 891 1443 wath
905 1380 1032 1465 yportb
1049 1382 1171 1463 (quales
1186 1404 1269 1445 nun·

119 1485 144 1547 ii
165 1484 245 1548 abit
271 1485 329 1548 Nil
350 1497 398 1548 est
419 1485 482 1548 nisi
503 1505 571 1547 esse
588 1485 735 1547 comitem
752 1485 884 1567 ejusque
900 1497 998 1548 totam
1013 1496 1201 1569 potestatem
1216 1488 1269 1549 de·

119 1611 228 1671 pessos
243 1590 284 1651 ad
298 1592 436 1674 portam)
452 1596 480 1666 1,
497 1594 569 1652 253.
584 1592 696 1675 pwedy
711 1612 848 1675 tyqysea
863 1590 991 1653 ohenuw
1004 1593 1185 1674 (postquam
1200 1593 1269 1654 dor·

119 1695 221 1758 niturn
247 1706 314 1758 erat
335 1696 374 1758 ab
396 1698 447 1777 eo)
465 1698 495 1770 2,
515 1699 591 1756 3921
619 1697 730 1780 pwedy
756 1717 871 1780 myssa
896 1717 932 1757 or
955 1695 1116 1778 qwartltee
1136 1719 1174 1759 ea
1203 1697 1270 1759 bric

119 1803 289 1883 'postquam
303 1799 419 1862 comesi
434 1809 524 1861 erant
538 1821 557 1861 a
571 1799 691 1881 pecude
706 1799 866 1881 palmites)
883 1804 912 1875 2,
929 1807 1001 1862 373.
1021 1800 1144 1863 oderm't
1159 1801 1189 1862 ir
1203 1823 1268 1863 am·

119 1904 239 1988 loycam
249 1905 370 1967 readou
383 1903 492 1967 testtbn
501 1907 681 1987 (postquam
693 1904 776 1966 facta
786 1904 942 1966 defensori
952 1904 1117 1985 promissio
1125 1906 1265 1982 testium,

118 2021 273 2092 postquam
288 2007 434 2091 promissi
450 2012 559 2089 testes)
576 2009 653 2091 Leg.
670 2013 700 2069 2.
718 2015 768 2069 11.
784 2014 835 2069 25.
868 2009 910 2069 Ε1
924 2018 962 2068 11
976 2008 1166 2090 praepositio
1181 2031 1268 2092 prae—

118 2113 188 2177 eedit
199 2115 297 2176 etiam
308 2133 483 2196 pronomen
494 2111 720 2194 possessivum:
735 2121 837 2175 otestu
848 2111 959 2175 attunt
969 2111 1033 2195 buy
1043 2134 1094 2174 ere
1103 2113 1216 2197 kasoel
1225 2113 1267 2198 Ity

119 2238 151 2280 ea
163 2217 311 2303 llepredie
325 2219 372 2296 (et
386 2227 554 2280 testaretur
569 2217 613 2280 eis
629 2238 720 2279 suam
735 2215 963 2292 inventionem,
978 2216 1000 2278 i.
1015 2239 1043 2279 e.
1061 2238 1094 2279 se
1110 2217 1268 2282 invenisse

121 2340 178 2385 eam
191 2322 349 2403 vitiatam)
368 2369 375 2383 .
393 2370 400 2383 .
417 2370 425 2384 .
443 2320 590 2405 otheqhet
603 2321 645 2406 ty
660 2343 856 2407 erreemreya
871 2344 910 2385 or
921 2323 999 2406 pola
1010 2320 1112 2384 bonno
1124 2324 1170 2404 (et
1179 2322 1268 2406 jurat

123 2423 177 2508 ipa
187 2427 255 2511 ejus
267 2425 398 2503 coitum,
412 2447 486 2489 eum
497 2425 600 2510 ipsam
611 2438 770 2510 stuprasse
782 2426 843 2489 isto
854 2432 949 2510 pene)
963 2429 1039 2509 Leg.
1053 2432 1083 2488 2.
1098 2433 1126 2488 1.
1139 2432 1176 2487 27
1188 2452 1196 2500 ;
1213 2434 1264 2490 36.

124 2531 310 2616 9111311φῆ111
323 2541 412 2595 enteu
428 2554 532 2595 arnan
547 2555 563 2594 e
577 2531 707 2615 reteyltu
722 2532 849 2594 saudan
861 2532 1068 2614 (contrajuret
1079 2531 1146 2614 ipse
1158 2547 1268 2596 contra

124 2652 181 2699 eum
194 2636 262 2720 ejus
278 2635 465 2720 perjurium,
486 2637 508 2698 i.
527 2657 555 2698 e.
573 2657 647 2698 eum
657 2635 781 2718 jurasse
796 2636 984 2719 perjurium)
1000 2640 1078 2720 Leg.
1098 2643 1127 2698 2.
1147 2645 1197 2699 11.
1214 2644 1264 2699 38.

190 2741 353 2805 Particula
367 2763 405 2825 ry
420 2762 543 2824 semper
557 2741 706 2802 adhaeret
720 2741 814 2801 verbo
829 2740 901 2824 ipsi,
918 2752 951 2803 et
966 2742 993 2803 si
1007 2742 1206 2823 infigendum
1220 2754 1268 2804 est

122 2860 296 2923 pronomen,
319 2847 503 2928 praecedere
525 2845 710 2906 debetcum
731 2844 893 2926 particulis
914 2845 984 2908 aliis
1004 2869 1044 2930 y,
1069 2867 1105 2921 a,
1130 2868 1192 2929 ay.-
1215 2867 1267 2908 om

122 2950 294 3033 ampriawt
313 2970 367 3032 pm
382 2950 560 3034 rylyprwys
575 2949 748 3032 symbrawt
765 2952 906 3034 (propter
920 2949 1149 3033 possessionem
1164 2971 1268 3011 meam

120 3068 158 3114 ne
175 3053 333 3137 oppressit
355 3053 451 3116 frater
471 3056 575 3134 meus)
592 3053 679 3114 Mab.
700 3058 729 3128 2,
749 3059 822 3114 215.
848 3054 957 3116 llawer
978 3055 1046 3137 dyd
1057 3053 1113 3137 yth
1128 3053 1267 3138 apperuit

120 3157 236 3236 (multos
248 3157 316 3220 dies
328 3157 484 3238 teamavi)
495 3162 525 3232 2,
537 3161 609 3218 215.
623 3179 688 3240 yny
696 3157 773 3220 atat
782 3179 841 3241 aya
853 3157 998 3241 rywelsei
1005 3157 1176 3242 aitpoetfin
1187 3167 1268 3218 terra

117 3278 200 3342 quam
208 3262 354 3325 nondum
360 3261 496 3342 viderat)
506 3266 536 3336 2,
548 3266 620 3322 214.
639 3262 834 3324 Praecedens
843 3283 881 3324 a:
892 3260 1016 3324 amasti
1025 3284 1045 3322 a
1055 3283 1133 3346 ryuo
1142 3260 1267 3324 amaeth

117 3367 193 3452 repet
216 3367 322 3429 aenea
336 3369 453 3448 (arator
475 3365 530 3447 qui
545 3365 640 3427 fuerit
655 3377 758 3427 arator
772 3377 892 3447 septem
908 3369 1021 3445 annos)
1038 3367 1116 3448 Leg.
1138 3373 1166 3425 1.
1186 3370 1215 3427 2.
1236 3372 1265 3427 3.

189 3470 322 3533 Servata
337 3491 411 3552 ergo
426 3469 587 3532 invenitur
602 3470 705 3532 adhuc
721 3469 755 3531 in
771 3468 859 3532 libris
871 3471 1050 3533 memoratis
1063 3481 1187 3532 vetusta
1198 3491 1268 3552 par-

117 3573 203 3637 ieula
217 3572 380 3657 praeteriti
394 3572 502 3649 index,
517 3576 571 3636 sed
587 3574 621 3635 in
632 3574 745 3637 iisdem
756 3575 852 3636 etiam
859 3574 928 3656 jam
939 3576 1054 3657 depelli
1066 3576 1145 3638 solet
1156 3599 1175 3638 a
1186 3597 1268 3637 com·

117 3679 257 3742 nnnibus
268 3677 432 3762 particulis
444 3677 622 3740 verbalibus
633 3680 688 3762 yd,
699 3701 720 3761 y
734 3678 798 3758 (ecl,
808 3682 837 3758 e)
846 3689 878 3739 et
889 3701 920 3752 o,
933 3701 1013 3760 quae
1026 3693 1091 3742 tam
1103 3679 1136 3741 in
1149 3689 1269 3761 praete·

116 3783 163 3847 ito
174 3804 274 3867 quam
285 3782 320 3845 in
331 3782 442 3845 ceteris
456 3782 648 3866 temporibus
661 3782 769 3844 obviae
781 3783 1006 3864 respondentes
1018 3782 1194 3846 hibernicas
1204 3803 1270 3844 non

116 3888 234 3963 tabent,
254 3909 328 3949 cum
342 3886 438 3949 etiam
452 3909 493 3949 ao
507 3909 574 3950 non
589 3887 631 3949 sit
646 3886 789 3949 omnium
804 3896 993 3967 temporum.
1018 3888 1077 3948 Est
1092 3896 1199 3947 tamen
1214 3885 1269 3947 hs·

116 4012 173 4055 um
185 3990 417 4074 particularum
431 4012 508 4053 usus
521 4001 648 4053 tantum
659 3990 694 4051 in
705 3988 841 4071 positiva
852 3989 1021 4065 sententia,
1037 3989 1091 4051 ubi
1103 4010 1169 4050 non
1180 4009 1269 4069 prae·
1335 3976 1337 3980 Α

116 4098 223 4160 edunt
238 4116 305 4158 non
316 4094 503 4158 intermedia
515 4095 577 4157 alia
588 4115 663 4157 voce
675 4092 848 4176 particulae
860 4091 1035 4174 negativae,
1051 4112 1223 4172 earumque
1234 4112 1270 4153 ea

116 4199 294 4275 tfferentia,
312 4200 397 4281 quod
418 4201 464 4283 yd
477 4202 564 4279 (ante
586 4197 719 4270 vocales,
737 4219 758 4280 y
780 4208 854 4258 ante
876 4217 1029 4258 consonas
1052 4196 1221 4258 servandas
1237 4195 1271 4256 in

116 4314 190 4367 tatu
211 4300 388 4386 primitivo)
404 4303 563 4385 praeeedit
578 4315 652 4364 ante
666 4301 809 4376 verbum,
828 4300 855 4362 si
870 4300 930 4362 hoc
944 4299 1082 4383 primum
1097 4300 1202 4361 locum
1217 4300 1271 4360 ob·

116 4404 185 4471 inet
208 4406 402 4482 sententiae,
428 4407 477 4469 vel
499 4407 611 4470 saltem
631 4416 705 4468 ante
727 4403 916 4486 subjectum,
940 4403 1064 4466 etiamsi
1084 4404 1272 4466 antecedant
