2896 4980
172 333 239 397 111.
257 337 290 395 2.
322 353 424 398 vrum
441 353 636 398 snrrnnnrcr
652 355 763 398 At'rlvt
782 355 940 399 rnnrom
955 355 1135 400 ramnum.
1187 336 1251 399 499

118 500 269 585 promis);
294 502 312 564 Ι
335 511 466 564 externa
493 501 638 564 inficiens
661 503 801 566 vocalem
822 504 935 567 radicis
957 504 992 566 in
1018 507 1248 572 recentioribus

118 607 180 669 ris:
204 605 286 688 petlt
313 607 435 690 aroydy
458 628 545 691 emp,
571 608 693 692 aroydy
715 629 789 692 ymy
813 608 903 690 (quid
924 610 999 685 das,
1021 611 1110 673 dabis
1133 613 1213 676 mihi
1220 613 1247 696 Ι)

118 733 153 795 g.
172 717 204 772 2.
223 718 252 772 1.
268 715 327 784 26;
348 717 378 773 2.
393 718 425 772 4.
441 719 470 773 9.
489 711 588 796 awely
606 711 675 795 diy
690 713 841 796 medyant
853 715 954 798 yssyd
965 714 1034 799 ymt'
1048 718 1142 796 (num
1156 718 1244 781 vides

118 826 267 880 testatem
282 837 363 898 quaa
378 825 426 878 est
440 815 554 896 mihis)
571 817 658 879 Mab.
680 824 708 892 1,
730 826 759 879 1.
778 819 962 903 aqerrnhedy
977 820 1020 903 dy
1039 867 1046 882 .
1068 867 1075 882 .
1096 868 1103 883 .
1122 821 1243 885 honha-

118 921 140 991 Γ
149 923 248 1002 (num
262 919 438 1004 permittis?
461 920 623 1003 permitto)
640 921 728 983 Mab.
748 926 778 996 2,
796 929 825 983 7.
851 922 902 986 oio
917 944 1047 1008 uomcyn
1062 927 1119 988 deo
1134 950 1154 989 α
1170 928 1244 1013 dorp

119 1026 176 1089 bot
186 1024 371 1110 symmarclr
384 1024 460 1087 iam
471 1045 570 1086 aruer
581 1047 625 1108 yn
637 1026 752 1110 onletty
765 1026 832 1088 ami
842 1027 920 1090 deno
933 1030 965 1109 (o
977 1028 1112 1093 formosa
1123 1032 1241 1114 puella,

118 1153 153 1195 m
168 1130 267 1194 facies
283 1141 320 1194 tu
333 1151 403 1193 esse
416 1150 524 1192 meum
539 1151 658 1211 equum
672 1141 705 1192 et
719 1152 807 1193 arma
821 1151 891 1194 mea
905 1131 940 1194 in
956 1154 1021 1195 uno
1036 1135 1104 1199 loco
1119 1157 1244 1199 mecum

118 1236 159 1319 ei)
176 1237 267 1298 Mab.
288 1245 317 1312 1,
337 1240 409 1297 264.
431 1257 470 1297 ac
490 1256 555 1319 yna
571 1233 599 1296 ti
611 1233 735 1319 aquwy
752 1237 867 1320 dwryf
881 1259 992 1300 moror.
1010 1239 1081 1302 otltr'
1094 1262 1115 1302 a
1132 1242 1244 1326 tebypy

118 1363 218 1426 rrynu
231 1363 252 1424 y
267 1341 332 1424 nef
339 1361 378 1402 or
394 1342 498 1423 dapar
506 1361 574 1421 pan
588 1361 610 1423 y
627 1339 731 1423 twrys
739 1344 848 1422 (atque
863 1352 941 1404 tunc
953 1343 1063 1407 audies
1075 1345 1244 1428 strepitum

118 1467 232 1529 gnum
257 1455 290 1508 et
315 1444 468 1526 cogitabis
494 1443 621 1506 concuti
644 1443 767 1506 coelum
790 1456 822 1506 ct
847 1456 963 1509 terram
983 1469 1039 1530 per
1061 1450 1242 1534 strepitum)

118 1553 164 1615 rb.
188 1558 218 1626 1,
236 1557 267 1612 8.

160 1655 297 1718 cornice
312 1656 344 1717 Y
359 1655 393 1716 in
415 1675 480 1716 uno
501 1654 570 1716 loco
585 1653 770 1737 (scriptione
791 1668 887 1733 certa,
904 1680 978 1719 cum
1000 1659 1041 1722 sit
1063 1662 1103 1723 ad
1117 1682 1243 1745 praece·

118 1772 188 1823 ntes
203 1783 225 1844 y
240 1758 453 1839 manantium
475 1758 584 1822 arlutlr
599 1780 671 1821 mar
685 1783 727 1845 ny
742 1761 780 1845 pt
793 1762 845 1823 boa
860 1761 922 1825 ken
938 1763 1063 1828 bethem
1079 1765 1178 1847 hepar
1193 1766 1247 1829 del

118 1888 182 1951 orry
199 1863 350 1945 (domine,
365 1862 472 1925 sinon
487 1874 675 1947 potestesse
689 1865 791 1940 alitor,
807 1865 849 1928 sit
864 1865 947 1929 sicut
963 1868 1023 1948 vis)
1037 1871 1126 1932 Pasa
1143 1876 1194 1946 57,
1210 1877 1241 1931 4.

161 1968 372 2051 Frequentior
388 1968 568 2032 terminatio
583 1981 632 2032 est
646 1970 744 2033 YTH
759 1971 810 2033 vel
825 1971 919 2033 ETH
936 1971 1040 2054 (cujus
1059 1972 1092 2036 tlt
1107 1994 1124 2035 e
1139 1975 1244 2037 radice

118 2072 275 2138 onominis
296 2083 308 2138 t
329 2074 482 2157 prodiisse
504 2074 640 2150 videtur,
658 2086 695 2136 ut
717 2074 750 2137 tt
770 2074 939 2156 infixum):
964 2096 1036 2138 mar
1055 2100 1075 2139 a
1090 2079 1244 2163 mynnytlr

118 2202 222 2266 synay
242 2202 285 2242 an
304 2201 383 2242 rena
398 2201 420 2241 o
433 2180 483 2264 yn
496 2179 547 2243 tlte
562 2179 655 2263 duty
672 2179 713 2261 (si
728 2179 776 2242 vis
792 2179 994 2261 interrogare,
1012 2179 1048 2241 hi
1061 2193 1197 2263 possunt
1212 2194 1243 2245 te

118 2285 259 2365 stituere)
276 2286 315 2347 P.
334 2290 373 2345 80
384 2331 394 2360 ,
413 2289 443 2345 2.
463 2291 493 2346 3.
521 2306 571 2347 me
592 2285 639 2348 od
657 2306 720 2346 tore
743 2284 851 2348 arlutlt
873 2285 946 2348 bras
968 2307 1014 2346 ow
1034 2285 1150 2348 honore
1171 2309 1244 2352 mar

118 2388 228 2465 (nuath
243 2393 316 2472 (ego
336 2399 368 2451 te
387 2388 501 2452 faciam
522 2409 676 2471 magnum
695 2389 873 2466 dominum,
891 2411 942 2452 ma
963 2389 1118 2455 honorare
1134 2391 1162 2455 si
1177 2394 1240 2470 vis;

118 2495 142 2558 t
154 2496 196 2558 ad
208 2495 430 2578 praecedentes
443 2494 578 2577 syllabas
590 2494 717 2557 eosdem
728 2495 838 2558 finales
850 2498 1017 2576 assonans)
1032 2503 1082 2574 16,
1093 2506 1122 2560 4.
1137 2498 1245 2562 marth

118 2648 120 2655 ,
141 2601 195 2664 bes
218 2599 363 2685 dpmmys
379 2599 459 2662 drolr
473 2598 647 2684 wotlreoytlr
662 2598 705 2662 lta
722 2608 750 2663 re
763 2598 839 2685 eytlt
853 2622 950 2685 eroqa
962 2604 1033 2687 syn
1048 2625 1091 2667 na
1103 2603 1245 2689 pewsytlr

136 2754 145 2768 .
164 2707 311 2790 beteqyns
334 2712 364 2767 ta
383 2726 426 2788 ny
448 2706 557 2790 scoytlt
572 2703 776 2786 (miraculum
795 2706 919 2782 mundi,
939 2720 1097 2789 quantum
1115 2709 1193 2774 mali
1208 2720 1244 2771 tu

118 2810 228 2885 stines,
246 2820 279 2872 et
300 2809 385 2892 quod
398 2808 481 2871 nihil
497 2819 531 2871 tu
547 2819 657 2872 contra
671 2830 724 2871 eos
739 2808 829 2884 dicis,
847 2819 987 2874 attamen
1004 2823 1039 2874 tu
1054 2835 1120 2875 non
1134 2814 1243 2893 debes)

120 2923 152 2992 o,
172 2921 202 2976 1.
222 2918 252 2976 2.
271 2921 302 2977 4.

162 3018 325 3082 Armorica
345 3018 525 3082 terminatio
541 3020 556 3080 1
573 3040 612 3081 cx
628 3018 692 3102 -iff
699 3019 797 3099 (dnn)
813 3018 846 3080 in
863 3021 956 3082 verbo
972 3021 1093 3083 subst:
1118 3044 1152 3083 ez
1167 3021 1240 3096 oizi,

129 3124 196 3188 oizi
209 3124 295 3205 (eris,
313 3123 370 3205 sis)
386 3123 472 3185 Buh.
493 3132 544 3199 76,
566 3131 615 3185 17.
635 3130 708 3200 118,
728 3131 758 3186 5.
778 3128 851 3198 268,
871 3132 900 3186 7.
926 3125 977 3187 Ex
992 3124 1179 3208 -aff(·ann)
1195 3139 1243 3188 est

118 3232 132 3293 Ι
149 3232 208 3311 (=
222 3251 308 3292 com.
328 3229 428 3314 -ytlm
451 3250 554 3310 perae
565 3228 693 3311 quinon
712 3250 932 3292 nasamones
947 3250 1151 3311 nacouzomp
1163 3252 1244 3313 quer

138 3334 260 3398 letterez
276 3339 346 3415 (eur
364 3334 461 3397 libere
482 3355 546 3397 non
569 3334 785 3397 sermocinatis
805 3344 837 3396 et
859 3334 949 3397 nobis
972 3335 1102 3397 verbum
1117 3355 1183 3397 non
1198 3334 1243 3397 lo-

118 3439 218 3522 cust)
236 3447 288 3515 56,
307 3446 336 3501 8.
357 3446 387 3501 9.
398 3461 480 3520 porz
495 3461 561 3501 ruoz
577 3461 648 3502 mor
663 3460 802 3520 compscz
815 3462 877 3523 pou
893 3439 987 3521 (habe
1002 3442 1138 3505 dedecus
1154 3441 1182 3504 si
1196 3441 1242 3504 di·

118 3570 120 3604 t
136 3545 229 3627 false)
248 3551 319 3620 166,
341 3549 390 3605 12.

164 3657 195 3712 3.
213 3672 295 3734 pers.
328 3648 492 3713 Carnbrice
514 3650 640 3714 interna
662 3651 678 3712 Ι
701 3652 803 3717 mixta
817 3655 943 3737 saepius
958 3675 1032 3716 cum
1047 3654 1147 3716 vocali
1162 3653 1243 3716 radi-

118 3780 121 3815 t
143 3755 195 3818 vel
223 3754 444 3817 derivationis:
474 3778 513 3818 oc
535 3757 659 3840 opeyll
679 3755 778 3821 henne
800 3761 846 3840 (at
866 3759 894 3821 si
915 3768 1020 3842 potest
1039 3756 1132 3836 hoc),
1155 3779 1242 3840 nyny

118 3861 245 3924 tudun
265 3859 388 3944 eckeyll
402 3882 480 3944 equr
494 3884 584 3924 escar
599 3861 662 3946 alty
679 3863 751 3941 (nos
766 3862 900 3925 dicimus
916 3863 1002 3945 quod
1015 3871 1120 3943 potest
1134 3859 1182 3922 vir
1196 3882 1243 3923 se·

118 3965 182 4029 rari
197 3967 237 4028 ab
251 3968 314 4047 ea),
333 3988 372 4028 oc
386 3988 403 4027 o
415 3965 484 4049 peil
496 3968 542 4046 (et
557 3966 583 4028 si
598 3970 729 4050 potest),
747 3989 785 4028 oc
800 3988 860 4050 orry
876 3965 935 4027 sill
944 3968 990 4046 (et
1001 3963 1028 4027 si
1040 3985 1106 4028 non
1117 3976 1222 4047 potest
1231 3991 1240 4042 ;

118 4071 164 4134 rb.
179 4070 283 4153 palla,
296 4075 402 4153 posse)
415 4071 493 4152 ch.
510 4076 540 4132 2.
559 4079 586 4134 l.
603 4075 641 4131 27
651 4095 660 4146 ;
678 4077 736 4145 66,
755 4079 805 4132 10.
824 4069 955 4153 lcosreyt
968 4090 1063 4154 asyro
1074 4070 1141 4151 (lex
1154 4092 1243 4133 man-

118 4184 148 4251 t;
166 4177 234 4239 rad.
249 4174 341 4255 arola)
358 4177 436 4258 Lag.
453 4181 483 4237 2.
501 4183 529 4237 1.
547 4183 597 4238 66.
616 4199 654 4239 oo
669 4177 739 4259 esa
753 4174 922 4259 wylpawb
938 4193 974 4235 or
988 4195 1009 4235 a
1024 4174 1078 4238 del
1089 4198 1110 4258 y
1126 4197 1241 4260 myron.

129 4302 190 4365 cys
202 4281 292 4364 qul
303 4280 362 4344 neb
378 4303 434 4344 auo
446 4284 493 4361 (et
507 4280 575 4364 ipse
590 4281 677 4343 videt
692 4278 835 4362 quemvis
850 4278 906 4362 qui
921 4277 1020 4340 intrat
1034 4290 1066 4341 et
1079 4302 1145 4343 non
1158 4280 1245 4344 videt

118 4384 297 4468 quiscum)
314 4384 402 4448 Mab.
425 4393 452 4462 1,
472 4389 544 4447 273.
555 4407 604 4467 pu
619 4386 685 4469 dyc
700 4407 720 4449 a
733 4407 827 4469 propre
844 4383 929 4467 (quis
945 4383 1067 4466 plorat?
1086 4384 1244 4469 kwynaw)

976 4483 1038 4546 ³2*
