2896 4980
236 330 296 389 172
462 328 491 391 1.
524 335 553 391 1.
597 348 768 393 consor-'ss
782 348 1012 393 nnrrsuurcus
1025 349 1171 394 rursum.

233 497 267 560 in
282 498 351 560 cod.
370 497 540 574 Liehfeld,
554 498 720 580 composit.
737 519 812 560 cum
829 498 882 574 elt,
897 520 1034 583 proquo
1049 499 1084 561 in
1099 498 1183 562 libro
1196 499 1345 562 landav.
1362 508 1405 560 est

232 603 295 679 etl,
320 604 354 667 cl
375 604 410 667 in
436 604 619 667 nominibus
645 603 805 686 Ellqnou,
830 605 960 688 Elpnoa
984 610 1151 668 192.193.
1181 604 1319 689 Ellqlcu
1337 610 1399 666 195.

232 709 382 792 Ellqualt
397 715 474 785 240,
493 720 531 772 ut
552 709 586 771 in
609 710 719 771 eodem
741 708 821 771 libro
841 709 1003 773 alternant
1017 710 1137 774 formae
1152 711 1242 774 vocis
1257 711 1318 786 alt,
1335 709 1395 784 alle,

231 814 281 877 all
293 815 408 894 (collis,
426 814 601 896 acclivitas)
616 814 797 897 frequenter
811 813 933 876 obviae.

317 920 418 983 Seriei
433 921 589 982 secundae
605 921 682 994 MP,
696 920 770 994 NT,
785 919 845 982 Nc
861 920 1008 1002 exempla
1019 920 1159 1004 aspirata
1170 921 1248 984 novi
1260 921 1327 984 sola
1335 919 1389 1004 jan

230 1024 316 1087 dicta
324 1026 481 1108 thmplet
497 1026 560 1089 dan
563 1023 656 1088 ther
647 1047 681 1085 m
695 1024 740 1106 gl.
755 1025 876 1099 Oxou„
890 1036 923 1086 et
937 1023 1102 1088 dialectice
1113 1027 1254 1090 conober
1265 1028 1385 1108 (cauca)
1441 1066 1443 1071 ·

231 1128 266 1191 in
281 1131 400 1194 Vocab.
433 1132 522 1194 Alias
544 1143 676 1193 manent
696 1131 834 1192 intactae
856 1128 917 1192 hae
934 1129 1207 1195 combinationes·
1231 1141 1382 1213 temperas
1431 1124 1443 1233 4¹

231 1235 391 1317 (condio),
402 1236 497 1318 pimp
512 1237 700 1319 (quinque),
719 1234 839 1298 montel
857 1234 1025 1316 (trutina),
1042 1235 1117 1299 kint
1130 1236 1231 1319 (via),
1249 1239 1379 1317 cumbe

232 1341 353 1423 quus)
345 1364 378 1403 m
392 1342 438 1423 gl.
456 1342 577 1417 Oxou„
595 1350 674 1404 nant
689 1341 808 1422 (vallis)
825 1340 897 1402 Lib.
915 1340 1020 1402 Laud.
1034 1341 1093 1423 sq„
1113 1341 1229 1406 ianam
1244 1342 1426 1426 (juvenis)

231 1445 335 1507 adhuc
350 1445 455 1507 hodie.
488 1446 657 1509 Recentior
677 1457 726 1509 est
741 1444 926 1509 assimilatio
942 1444 1090 1508 tenuium
1105 1467 1134 1529 p
1149 1458 1183 1510 et
1198 1449 1261 1512 tin
1269 1447 1376 1533 pymld

231 1550 393 1632 (quintus3
411 1583 455 1602 =
461 1551 617 1632 pimplret,
629 1552 767 1635 pinapel)
784 1552 872 1614 Mab.
889 1556 919 1627 2,
936 1556 1010 1613 241.
1028 1572 1089 1612 ean
1105 1553 1163 1631 (=
1177 1556 1268 1634 eunt)
1278 1551 1372 1615 Vocab-
1405 1608 1411 1615 .

315 1655 503 1718 Communis
518 1656 633 1739 cuique
651 1656 786 1719 dialecto
801 1656 998 1719 britannicae
1012 1666 1046 1718 et
1060 1656 1225 1720 codicibus
1239 1656 1371 1730 ommbur.

230 1759 327 1822 ctiam
350 1761 583 1836 vetustissimis,
601 1774 649 1824 est
670 1761 820 1844 aspiratio
843 1762 990 1825 tenuium
1004 1762 1040 1825 in
1059 1763 1296 1826 combinatione
1314 1760 1373 1822 inter
1420 1836 1424 1841 Ι

229 1887 298 1929 sese
320 1866 421 1950 ipsas,
438 1866 505 1928 sive
527 1877 604 1929 suut
625 1867 784 1941 diversae,
804 1867 909 1948 quoad
924 1867 1046 1930 scilicet
1059 1867 1238 1931 combinari
1252 1874 1371 1951 possunt,
1407 1896 1411 1901 ·

229 1982 267 2033 ut
282 1972 349 2047 PT,
367 1972 434 2047 CT,
453 1972 519 2034 sive
541 1974 668 2035 eaedem
690 1972 741 2034 vel
760 1972 958 2055 duplicatae,
982 1983 1020 2036 ut
1035 1975 1105 2050 ΡΡ,
1123 1974 1193 2050 Tr,
1211 1974 1278 2037 CC.
1309 1967 1374 2036 Perit

220 2086 336 2138 -autem
358 2076 392 2138 in
415 2077 464 2141 his
486 2100 625 2141 consona
647 2077 752 2140 tenuis
770 2077 856 2160 prior
870 2076 1001 2161 ejusque
1017 2079 1124 2141 locum
1138 2091 1276 2163 occupat
1289 2075 1373 2141 ivelc
1422 2158 1425 2163 Ι

229 2180 313 2244 inter
334 2185 473 2246 vocalem
496 2186 736 2247 antecedentem
758 2193 791 2245 et
812 2183 1017 2267 posteriorem
1035 2195 1166 2246 tenuem
1182 2184 1372 2268 aspirandum.

314 2288 594 2353 Combinationum
611 2290 667 2352 PT
682 2298 714 2351 et
729 2288 785 2351 CT
798 2288 954 2370 posterior
974 2288 1068 2352 obvia
1083 2299 1133 2351 est
1146 2289 1182 2352 in
1198 2289 1327 2352 vetustis
1337 2306 1374 2349 co

228 2392 351 2455 dicibus
366 2394 543 2477 aliquoties,
557 2395 592 2456 in
607 2394 707 2457 forma
722 2393 842 2456 scilicet
853 2393 903 2455 ID
915 2394 964 2456 vel
978 2394 1075 2457 ITH.
1102 2395 1166 2457 Per
1179 2396 1205 2457 d
1217 2389 1376 2478 scriptionis

229 2497 266 2560 id
285 2497 402 2560 lineola
418 2501 513 2562 ducta
528 2511 587 2575 est,
606 2512 643 2562 ut
658 2500 692 2561 in
707 2499 952 2581 anglosaxonica
967 2499 1106 2583 aspirata
1121 2500 1154 2575 d,
1174 2499 1271 2583 ingl.
1288 2501 1376 2563 Oxou.

229 2602 263 2664 in
285 2624 360 2665 voce
383 2603 505 2666 lar'dver
527 2605 584 2686 (gl.
602 2605 743 2668 lacocula
761 2604 866 2688 [sic]),
884 2605 1059 2688 composita
1078 2626 1153 2668 cum
1175 2606 1247 2668 laid
1264 2604 1378 2686 (cambr.
1439 2602 1443 2657 'i

227 2719 345 2770 recent.
362 2709 454 2787 laid,
469 2710 553 2773 lueth
567 2741 611 2762 =
626 2710 700 2786 lact,
715 2711 789 2792 lac).
815 2712 905 2777 Quae
919 2710 1037 2772 lineola
1051 2709 1255 2794 aspirationis
1269 2711 1381 2795 signum
1441 2694 1443 2703 ¹

226 2814 418 2896 postulanda
431 2816 528 2878 etiam
542 2815 678 2891 videtur,
693 2816 748 2878 ubi
764 2826 813 2878 est
823 2815 955 2877 omissa:
973 2815 1091 2878 lenoid
1103 2814 1179 2895 (hac
1190 2829 1301 2892 nocte;
1317 2816 1381 2880 dero

226 2919 261 2982 in
276 2921 379 2996 Mab.,
397 2923 453 2984 sed
468 2922 507 2984 cf.
518 2920 695 3004 peunoetd,
714 2921 824 3004 quavis
846 2932 956 2997 nocte,
974 2921 1071 2996 ibid.;
1096 2920 1176 2983 aoid
1187 2952 1232 2974 =
1247 2920 1336 2985 noeti
1346 2948 1382 2973 ε-

226 3033 311 3110 noct)
327 3028 361 3090 in
377 3027 519 3091 versibus
541 3026 675 3090 vetustis
690 3026 855 3089 cambricis
871 3048 889 3089 e
904 3028 974 3089 cod'.
991 3027 1012 3088 J
1014 3025 1129 3089 uvenci
1144 3026 1329 3109 Cantabrig.
1344 3047 1382 3088 oe

226 3134 402 3197 nitelac'doa
418 3134 475 3217 (gl.
494 3134 615 3196 natales
625 3157 634 3208 ;
659 3133 776 3195 cambr.
802 3132 877 3195 hod.
896 3131 1132 3206 cencdlaetltau‚
1157 3133 1295 3195 esubst.
1313 3128 1383 3194 oeni·

226 3239 280 3315 tol,
298 3240 470 3321 generatio,
489 3239 620 3301 derivat.
639 3239 673 3300 in
689 3237 777 3313 -ac'd,
796 3238 889 3301 -aetlr
902 3269 946 3291 =
959 3236 1084 3299 hibern.
1103 3244 1185 3312 -act,
1204 3237 1325 3320 wohl).
1349 3236 1384 3298 In

225 3344 339 3426 glossis
352 3345 507 3407 Luxemb.
523 3344 670 3407 scribitur
682 3343 762 3407 alls:
779 3342 894 3406 creitlu'
904 3343 962 3425 (gl.
978 3342 1100 3417 ulcera3
1119 3341 1160 3404 cf.
1176 3341 1303 3405 hibern.
1316 3340 1382 3404 hod.

225 3450 371 3526 creacltd,
389 3451 492 3526 ulcus,
510 3481 553 3501 =
567 3448 691 3511 hibern.
707 3458 770 3511 vet.
788 3447 904 3522 croslet,
926 3450 1033 3528 creet).
1063 3448 1147 3510 Item
1162 3445 1198 3509 in
1213 3446 1297 3510 libro
1311 3447 1383 3510 Ian·

123 3590 130 3601 ·
225 3554 374 3618 durensi:
397 3553 593 3639 qaasanaitlr
613 3554 824 3637 (servitium),
849 3551 1051 3637 lothoriaytlz
1075 3551 1146 3634 (jus
1168 3551 1320 3635 signandi
1332 3572 1384 3614 nu·

225 3664 327 3743 mos),
345 3660 499 3746 cymrcc'tlr
520 3659 607 3743 (jus3
632 3660 715 3724 reith
730 3692 773 3712 ==
786 3659 911 3721 hibern.
930 3670 993 3720 vet.
1011 3667 1095 3735 rect,
1113 3657 1217 3739 recht)
1236 3656 1272 3721 in
1286 3656 1382 3742 privil.

225 3768 336 3832 cocles.
360 3791 394 3851 p.
414 3773 490 3843 113,
516 3788 596 3849 quae
623 3765 751 3847 scriptio
778 3763 873 3827 etiam
899 3763 1042 3827 obtinere
1067 3764 1194 3826 videtur
1220 3762 1257 3826 in
1281 3760 1384 3848 glossis

224 3877 332 3940 Oxou.
350 3874 386 3938 in
401 3895 475 3938 voce
494 3871 648 3957 quoquitl
671 3870 729 3953 (gl.
747 3869 869 3945 victus3
895 3869 935 3932 cs.
956 3868 1158 3933 Victosirana
1172 3868 1278 3932 Inscr.
1296 3871 1383 3934 Gna.

227 3990 299 4059 700,
320 3989 349 4044 6.
368 3979 637 4047 Convictolitanes
653 3978 744 4039 Caes.
763 3986 795 4038 et
809 3975 926 4038 cambr.
945 3975 1047 4037 subst.
1069 3973 1205 4057 ywer'tll,
1222 3975 1383 4059 proelium,

223 4090 348 4176 proprie
370 4111 469 4174 opus,
488 4085 576 4149 Mab.
598 4089 635 4159 3,
656 4089 733 4159 379,
757 4093 796 4145 ut
820 4081 945 4144 hibern.
967 4078 1074 4142 incatlr
1102 4078 1266 4164 infectio,
1285 4101 1388 4165 pugna

223 4208 311 4271 acta,
336 4205 480 4279 pugnata
501 4204 567 4268 est,
592 4190 627 4252 in
647 4191 781 4272 Hymno
798 4189 832 4251 S.
851 4189 939 4250 Patr.
960 4192 1026 4269 29).
1059 4185 1317 4251 Combinationis
1336 4184 1389 4251 Pr

223 4301 329 4364 nescio
351 4300 533 4382 exemplum
555 4307 737 4371 vetustum
763 4293 887 4356 edictis
903 4291 1010 4375 colligi
1027 4300 1133 4374 potest
1147 4312 1175 4353 e.
1193 4315 1242 4375 gr.
1262 4315 1320 4377 pro
1334 4313 1389 4356 nu·

223 4405 333 4469 metali
348 4406 415 4469 VII
431 4406 531 4469 forma
545 4404 625 4482 reid,
644 4400 724 4465 seith
740 4398 871 4481 (cambr.
890 4397 966 4461 hod.
985 4397 1086 4473 saeta,
1104 4395 1213 4480 seith).
