2896 4980
142 342 246 401 XXVI
632 356 829 401 rusursrro.

141 511 264 582 ctioris
288 509 503 603 disciplinae
527 509 623 581 viam
648 510 858 604 ingrediens
883 533 921 581 se
953 507 1096 580 includi
1104 506 1137 604 *)
1176 507 1310 578 ibidem

141 629 268 702 secit”.
315 631 373 701 De
392 630 557 724 Lagenia
573 629 693 724 patria
716 639 753 701 et
771 630 985 724 episcopatu
1002 627 1312 700 Glendalochensi

143 748 202 845 (cs.
231 749 327 821 Boll.
351 751 460 821 Febr.
483 751 518 833 2,
551 751 638 821 834.
671 751 762 820 Jun.
790 750 820 831 1,
852 749 945 834 310;
997 748 1313 820 Duncalidonien-

140 893 217 940 sem
236 869 458 939 monachum
476 879 585 940 antea
606 866 695 939 facit
712 892 798 939 eum
817 869 911 940 Dav.
934 868 1188 950 Camerarius,
1216 866 1309 939 Boll.

143 990 252 1060 Febr.
276 990 311 1071 2,
336 988 421 1084 304)
442 997 539 1060 tacet
556 989 655 1059 idem
672 987 875 1058 monachus
884 987 1165 1058 Ratisbonensis
1177 986 1313 1058 Hiber·

141 1132 229 1179 nus.
261 1117 299 1179 et
317 1108 527 1179 Marianum
551 1133 598 1179 ex
623 1106 897 1198 aquilonaribus
920 1107 1087 1199 partibus
1107 1104 1312 1177 Hiberniae

143 1229 341 1299 oriundum
371 1227 479 1310 dicit,
516 1228 762 1317 oriundosque
789 1250 836 1296 ex
859 1225 989 1297 iisdem
1013 1225 1229 1322 regionibus
1252 1247 1312 1295 sex

141 1370 376 1427 successoren,
397 1345 593 1439 septimum
609 1348 757 1416 demum
771 1346 960 1416 Domuum
976 1347 1019 1415 “a
1030 1353 1136 1438 parte
1144 1343 1313 1415 australis

142 1465 347 1537 Hiberniae
356 1469 371 1487 '’
392 1473 524 1546 ortum,
547 1472 629 1558 post
647 1488 757 1556 quem
775 1474 925 1535 octavus
934 1463 1167 1535 Christianus
1185 1464 1234 1534 ad
1251 1486 1313 1557 pa-

142 1583 250 1655 triam
268 1607 459 1679 aggressus
480 1594 517 1656 et
540 1584 626 1655 inde
644 1607 827 1678 regressus
853 1583 1062 1675 iterumque
1085 1605 1255 1654 remeans
1276 1581 1312 1651 in

141 1701 327 1774 Hibernia
344 1711 509 1773 mortuus
527 1712 593 1774 est.

245 1821 525 1916 Wirziburgum
544 1823 590 1893 ab
608 1822 677 1891 hoc
691 1823 824 1893 abbate
835 1819 1312 1892 RatisbonensiChristiano

141 1941 181 2012 in
198 1941 460 2012 monasterium
480 1942 670 2012 Scotorum
688 1943 735 2011 ab
754 1940 924 2035 episcopo
939 1940 1188 2011 Embm'chone
1205 1937 1313 2032 epri-

140 2061 209 2132 mis
227 2060 477 2133 fundamentis
495 2070 657 2133 erectum
676 2086 710 2131 a.
738 2061 845 2140 1134,
875 2069 917 2131 ut
935 2059 1131 2154 indigenae
1148 2056 1313 2129 referunt

140 2182 335 2253 relationes
354 2181 509 2275 (Gropp.
532 2181 664 2274 Script.
687 2203 757 2250 rer.
780 2179 1015 2275 Wirceburg.
1044 2181 1074 2261 1,
1099 2178 1205 2272 520),
1229 2177 1313 2248 mis·

140 2325 201 2372 sus
227 2308 283 2371 est
308 2301 449 2394 primus
467 2301 580 2370 abbas
603 2302 710 2369 “cum
736 2297 878 2389 aliquot
895 2296 1090 2369 fratribus’'
1110 2296 1309 2378 Macarius,

142 2419 209 2511 qui
227 2420 367 2490 auctori
385 2418 497 2489 Vitae
516 2417 676 2488 Mariani
695 2417 830 2488 dicitur
851 2416 917 2488 “in
935 2417 1018 2513 lege
1037 2415 1163 2488 divina
1180 2415 1313 2487 doctis-

140 2537 254 2609 simus
278 2546 389 2628 atquc
415 2535 569 2607 diutinis
591 2536 800 2606 liberalium
825 2536 960 2609 artium
985 2535 1116 2608 studiis
1137 2559 1221 2629 per
1245 2544 1313 2606 to-

141 2665 228 2728 tam
247 2655 520 2728 Hiberniam
539 2655 832 2728 celeberrimus“.
858 2657 948 2728 Post
960 2680 1045 2726 eum
1058 2654 1187 2726 tertius
1200 2656 1313 2727 abbas

141 2775 331 2846 Scotorum
355 2774 714 2869 Wirziburgensium
732 2776 865 2860 Carus,
888 2775 1048 2848 Conradi
1070 2773 1167 2869 regis
1190 2773 1313 2868 capel-

139 2894 264 2978 lanus,
292 2893 437 2966 fundati
463 2892 728 2989 Norimbergae
752 2896 942 2967 Scotorum
967 2893 1177 2965 monasterii
1202 2891 1314 2987 (quod

140 3014 249 3086 hodie
278 3014 595 3110 estgymnasium
625 3013 892 3108 Aegidianum,
930 3038 964 3084 a.
995 3012 1092 3084 1526
1122 3037 1145 3083 a
1168 3012 1314 3084 Melan-

139 3136 300 3208 chthone
312 3135 585 3231 inauguratum)
597 3134 737 3228 primus
748 3131 867 3205 sactus
879 3134 1004 3215 abbas,
1021 3131 1074 3203 ibi
1088 3131 1308 3214 Declanum,

209 3436 222 3462 ⁸
239 3436 282 3489 De
301 3437 396 3491 ordine
408 3438 575 3491 inclusorum
593 3437 639 3508 pia
650 3444 785 3490 tormenta
797 3436 928 3490 ludorum
946 3442 1090 3506 superante
1106 3443 1314 3489 monumentum

141 3524 279 3572 vetustum
291 3531 440 3574 memoratu
461 3530 488 3575 et
506 3522 578 3574 lectu
597 3528 667 3574 certe
680 3522 794 3592 dignum
814 3521 892 3574 offert
904 3520 1028 3573 Raderus
1047 3520 1075 3572 in
1089 3520 1203 3574 Bouaria
1222 3530 1316 3576 sancta

140 3607 166 3669 ³,
185 3608 242 3658 115.
261 3606 397 3659 Addenda
409 3616 474 3660 sunt
485 3607 537 3671 his,
551 3624 620 3676 quae
633 3614 757 3660 vetustus
769 3606 884 3677 scriptor
896 3606 930 3659 da
943 3605 1067 3659 Findano
1080 3605 1172 3669 Scato,
1187 3607 1236 3676 qui
1247 3607 1314 3661 dici·

141 3695 186 3742 tur
200 3687 356 3757 “reclusus,
379 3693 407 3746 in
428 3692 578 3748 arctissimo
594 3693 654 3745 loco
667 3689 808 3745 inclusus”
830 3692 903 3763 apud
921 3690 1114 3744 monasterium
1127 3691 1314 3762 Itinaugicnse

140 3773 211 3827 circa
229 3794 253 3828 s.
276 3780 325 3829 800
345 3785 372 3830 et
391 3778 424 3830 de
443 3786 551 3831 austero
570 3778 628 3848 ejus
646 3777 754 3830 vivendi
772 3777 853 3830 modo
873 3784 964 3829 narrat
988 3774 1124 3838 (Goldast.
1140 3776 1240 3848 Script.
1260 3797 1313 3832 rer.

140 3860 219 3913 alam.
238 3865 259 3926 1,
274 3863 347 3934 205).
375 3863 427 3916 Par
439 3867 473 3916 30
486 3881 571 3916 annos
581 3860 748 3932 “spontanee
761 3860 884 3916 clausus”
904 3861 1042 3914 Eusebius
1055 3861 1154 3916 Scotus
1173 3863 1201 3915 in
1220 3872 1313 3918 monte

140 3946 169 4000 S.
183 3946 301 4002 Victoris
313 3948 382 4002 vixit
393 3949 489 4002 eodem
501 3948 609 4002 saeculo
622 3956 738 4003 exeunte
753 3950 852 4019 (Perta.
868 3952 892 4013 2,
908 3948 962 4018 7³).
994 3947 1146 4001 Praecessit
1158 3949 1314 4004 Marianum

139 4031 264 4087 abbatem
284 4035 364 4088 etium
385 4037 483 4090 Scotus
495 4034 661 4088 Ratisbonae
678 4031 725 4087 “in
739 4034 872 4105 superiori
883 4032 1047 4086 monasterio
1066 4031 1209 4086 reclusus”
1237 4034 1314 4087 Mur-

140 4119 265 4173 cheratus
285 4121 326 4174 rel
350 4119 610 4175 Moricherodachus
632 4118 713 4188 (Boll.
729 4120 808 4172 Febr.
824 4123 848 4183 2,
871 4122 930 4171 stt.
951 4121 1017 4183 36&
1038 4119 1143 4172 hibern.
1158 4118 1313 4172 Muircher·

140 4205 221 4274 lact),
237 4206 341 4260 Fuldae
354 4208 508 4261 Marianum
521 4205 758 4274 chronographum
771 4204 869 4258 Scotus
881 4203 1178 4258 inclususAnimcadus
1194 4203 1312 4273 (hibern.
1332 4256 1337 4263 ,

138 4289 324 4361 Aninachoth),
351 4302 379 4347 ot
391 4293 599 4347 l'aderbronnae
618 4290 689 4342 idem
703 4288 842 4342 Marianus
860 4297 955 4358 postea
973 4290 1038 4343 item
1057 4289 1179 4343 inclusus
1193 4289 1315 4344 visitarit

138 4375 291 4446 sepulcrum
311 4376 384 4431 Scoti
404 4378 514 4433 Paterni
533 4375 646 4440 inclusi,
669 4374 715 4445 qui
732 4371 872 4427 “ambiens
885 4375 1051 4440 martirium,
1066 4374 1094 4427 in
1107 4392 1156 4427 sua
1169 4371 1311 4429 clausola'‘

136 4461 201 4533 igne
213 4462 336 4527 consumi
348 4481 376 4517 se
389 4482 484 4535 passus
491 4471 533 4518 est
542 4462 587 4534 (of.
594 4460 714 4519 Mariani
725 4460 810 4531 ipsius
819 4459 966 4515 chronicon
979 4478 1023 4534 sp.
1031 4462 1120 4515 Perta.
1129 4464 1154 4527 7,
1167 4464 1228 4514 557.
1239 4461 1313 4533 558).
