2896 4980
136 325 198 387 304
429 321 478 383 ΙΙ.
502 326 532 382 2.
579 341 772 385 usuruurro
789 342 1005 387 semermos.

222 489 386 555 Cambrice
407 489 504 552 etiam
518 489 612 552 hodie
628 488 809 554 terminatio
824 513 880 554 rm
895 492 1056 555 deminuit
1071 491 1240 576 utriusque
1254 513 1314 576 ges

137 597 221 661 neris
236 594 449 659 substantiva:
467 617 563 657 masc.
583 595 707 679 llysrun
723 595 889 678 (libellus),
907 596 983 660 fem.
1002 599 1127 682 dynan,
1143 599 1314 682 garriga),

137 700 363 780 (muliercula).
402 700 608 782 Frequentior
633 700 668 762 in
694 721 809 782 genere
830 702 1008 765 masculino
1030 714 1081 765 est
1105 715 1211 765 tamen
1230 726 1300 789 -γη,

136 832 165 872 e.
183 830 232 926 gr.
259 808 367 890 dynyn
383 805 637 886 (homunculus),
655 827 735 887 quae
751 805 930 869 terminatio
951 828 970 869 e
991 808 1202 870 substantivis
1216 809 1291 875 femi.

136 913 223 977 ninis
245 911 342 974 efficit
364 910 557 986 masculina,
582 932 611 972 e.
628 930 676 992 gr.
701 909 867 994 rheffym
867 910 1058 994 funiculus),
1076 912 1190 975 esem.
1213 911 1289 999 rlajs

137 1017 263 1098 (funis)
296 1015 346 1079 cf
364 1026 472 1077 notam
488 1013 717 1098 singularitatis
733 1015 942 1080 masculinam
957 1040 1026 1102 -yn-

223 1123 268 1185 10
291 1120 445 1184 cambricc
466 1121 567 1202 magis
587 1141 627 1183 ex
643 1142 704 1182 usu
719 1121 823 1197 cessit,
841 1120 936 1184 hodie
951 1133 1059 1186 tamen
1074 1088 1275 1186 semininissl·

138 1230 201 1291 huc
227 1227 395 1309 adfigitur,
424 1247 452 1288 e.
475 1248 524 1308 gr.
555 1225 672 1289 (lances
699 1226 844 1309 (juvenis
870 1226 1028 1309 femina),
1058 1227 1207 1311 llancest'q
1229 1228 1274 1311 (ju-

139 1333 298 1412 rancula).

224 1436 400 1502 Cornica
420 1437 580 1520 exempla:
607 1435 724 1500 eleehie
745 1436 1015 1519 (tintinnabulum
1021 1465 1031 1514 3
1054 1440 1078 1502 i.
1097 1462 1126 1503 e.
1153 1438 1271 1509 clocculr,

138 1569 156 1608 e
176 1546 277 1608 subst.
300 1541 398 1618 cloch,
423 1542 552 1622 clocca),
575 1541 673 1627 ydm'c
693 1543 833 1626 (pullus;
858 1543 880 1606 i.
898 1565 927 1607 e.
946 1544 1082 1622 avicula,
1100 1546 1166 1608 avis
1185 1544 1271 1628 pulla),

137 1648 273 1714 kelh'llie
289 1650 446 1728 (artavus3
465 1669 481 1708 e
497 1647 606 1722 cillell,
624 1647 739 1729 culter)
754 1648 875 1712 Vocab.
1051 1662 1057 1671 ‘

223 1752 465 1817 Armoricum
480 1774 497 1814 e
513 1753 619 1816 Bulr.:
638 1777 680 1816 an
696 1753 799 1817 orabis
814 1754 891 1838 deoy
908 1755 1077 1837 (puerulus
1094 1756 1208 1838 David)
1224 1760 1272 1827 106,

140 1868 192 1923 21.
224 1858 389 1923 Hodierna
404 1856 570 1941 utriusque
584 1859 725 1941 generis:
751 1858 841 1922 tadilo
857 1861 1079 1942 (paterculus),
1095 1860 1217 1945 yeazik
1228 1859 1275 1935 (ho
1311 1894 1314 1899 ,

139 1965 336 2045 munculus),
353 1962 503 2026 mere'lik
519 1964 656 2046 (filiola).

224 2071 290 2146 OS,
307 2069 413 2144 ACH,
432 2069 545 2132 ΙΑΟΗ
565 2069 696 2132 rariores
724 2080 801 2132 sunt
826 2070 1065 2137 terminationes
1085 2073 1277 2137 deminuentcs

139 2176 323 2251 cambricae,
342 2173 467 2236 additae
489 2173 695 2237 substantivis
719 2173 803 2257 plur.
820 2176 871 2239 vel
886 2176 1023 2254 collect,
1041 2189 1080 2242 ut
1099 2173 1278 2263 qwraqeddtt
1312 2214 1314 2259 ς

136 2279 383 2372 (mulierculae),
399 2300 515 2363 wynoa,
529 2273 674 2362 aphiach
687 2279 834 2361 (agnelli3
852 2304 923 2367 noyn
934 2304 975 2345 ex
985 2284 1071 2363 oen),
1082 2272 1278 2367 ywartlegacl
1312 2266 1314 2271 ⁵

140 2391 287 2471 (parvum
301 2406 408 2467 pecus,
427 2383 629 2457 contemtim3
647 2405 665 2445 e
680 2383 769 2461 lach,
787 2408 903 2468 parvus
912 2386 951 2468 l).
984 2387 1180 2471 Exemplum
1193 2379 1278 2470 prioris
1312 2376 1314 2385 '

141 2489 371 2556 terminationis
403 2488 527 2550 additae
553 2489 751 2550 substantivo
784 2492 909 2555 numeri
935 2491 1108 2574 singularis
1134 2493 1168 2555 in
1193 2489 1276 2554 Mau:

139 2617 306 2682 vymrunos
327 2592 440 2675 (parvi,
457 2613 611 2675 pauperes
633 2594 696 2655 mci
717 2595 817 2670 corvi;
843 2597 933 2672 brom
956 2598 1041 2680 plur.
1060 2597 1164 2680 brein)
1181 2603 1209 2672 2,
1226 2597 1276 2655 387.

226 2701 301 2762 lLL
322 2711 355 2761 et
376 2699 462 2760 ELL
484 2697 664 2779 frequenter
687 2699 796 2762 obviae
819 2702 1058 2765 terminationes
1073 2702 1110 2765 in
1124 2699 1277 2765 nominibus

140 2807 273 2872 vetustis
294 2803 416 2888 gallicis
439 2802 658 2866 deminuentcs
680 2804 838 2882 videntur,
864 2807 1048 2890 praesertim
1071 2807 1106 2869 in
1125 2803 1277 2870 nominibus

140 2914 280 2978 virorum
305 2923 337 2974 et
362 2909 567 2984 feminarum,
593 2930 621 2970 c
643 2930 691 2991 gr.
720 2911 900 2988 Roucillus,
928 2914 971 2975 Oe
972 2912 1086 2988 ltillua,
1115 2905 1278 2975 Abusus

141 3020 226 3103 apud
242 3019 418 3091 Caesarem,
440 3014 606 3089 Otaetllus,
628 3015 777 3091 Otacilla,
795 3016 982 3100 Eaeinqilla
997 3028 1058 3079 ete.
1077 3017 1112 3080 in
1130 3009 1277 3097 inscriptio

141 3125 235 3188 nibus
251 3125 345 3205 (quae
365 3120 513 3184 videsis
505 3143 538 3182 m
559 3120 662 3203 capite
677 3121 716 3182 de
731 3120 958 3203 derivatione);
980 3133 1143 3205 praeterea
1158 3112 1277 3184 innomi·

141 3231 236 3293 nibus
258 3227 428 3290 fluviorum
449 3226 500 3288 vel
520 3227 678 3300 locorum,
697 3248 724 3288 c.
742 3248 790 3309 gr.
815 3225 984 3289 Mosella
970 3237 1067 3309 Juxta
1089 3228 1196 3302 Mosa,
1212 3222 1277 3288 Mar·

141 3335 221 3398 sellu
241 3332 336 3415 juxta
358 3333 486 3394 Mursa.
527 3332 613 3392 Rura
639 3341 745 3393 tamen
773 3333 845 3412 (nec
871 3342 993 3393 certum
1019 3332 1152 3396 omnino
1176 3354 1217 3394 au
1235 3324 1278 3388 sint

142 3436 352 3517 deminutiva)
379 3435 534 3518 ejusmodi
561 3437 692 3498 nomina
724 3434 793 3517 jam
823 3436 908 3518 apud
939 3448 1059 3499 veteres
1088 3437 1278 3499 Hibernos&

144 3542 331 3615 Britannos,
358 3563 385 3602 e.
404 3562 451 3622 gr.
475 3541 598 3602 hibern.
626 3540 729 3603 Sim-'ll
746 3541 853 3618 (nom.
877 3539 957 3621 viri)
981 3540 1014 3602 in
1037 3540 1159 3603 Annal
1176 3539 1277 3620 Tigen·

142 3671 193 3732 up.
212 3645 333 3709 O'Con
353 3650 388 3720 2,
410 3652 488 3720 177,
518 3646 729 3708 Colmanellur
753 3644 806 3723 (cf.
832 3645 985 3720 coli-nene,
1011 3646 1055 3727 gl.
1082 3667 1215 3720 nervus,
1229 3641 1276 3721 sgr

142 3777 184 3816 an
206 3750 536 3835 prouolumbauells)
559 3751 642 3813 Boll.
667 3751 764 3811 Mart.
784 3753 820 3824 2,
842 3751 1050 3825 560,ca1nbr.
1078 3739 1278 3827 Ouilluaffiil·

143 3858 223 3922 dasii
245 3857 353 3938 frater)
370 3855 453 3918 Boll
470 3856 545 3918 Jan.
566 3861 601 3930 2,
621 3861 694 3916 958.
727 3856 770 3917 Et
792 3854 991 3917 substantiva
1012 3854 1204 3930 britannica,
1224 3864 1280 3934 quet

143 3965 291 4027 videntur
305 3961 502 4024 deminutiva
524 3961 666 4043 ejusdem
682 3959 924 4035 terminationis,
943 3960 1107 4042 quaeritur
1121 3982 1226 4023 annon
1237 3953 1282 4017 sint

143 4069 250 4133 omnia
266 4077 458 4130 transsumta
474 4065 590 4128 latina:
616 4067 734 4127 cambr.
754 4066 875 4149 pratel(
887 4064 945 4147 (gl.
963 4065 1132 4147 graticula,
1151 4066 1229 4129 merl.
1241 4060 1282 4122 lo.

140 4174 288 4259 pradella
307 4195 340 4256 p.
361 4177 439 4246 186;
465 4171 487 4233 i.
505 4193 534 4233 e.
558 4171 734 4250 craticula).
759 4170 883 4245 celeell,
910 4170 1007 4233 cultel
1027 4170 1086 4253 (gl.
1112 4182 1238 4242 artuum
1255 4188 1285 4216 ⁶

143 4279 305 4359 cultellus)
328 4276 362 4338 in
382 4278 494 4361 glossis
516 4276 622 4339 Oxou.
646 4274 768 4357 kyllell,
791 4275 874 4357 plur.
898 4274 1026 4359 kylleae’ll
1046 4276 1141 4357 (sica)
1158 4277 1241 4339 Mab.
1254 4268 1286 4351 lq

136 4383 287 4466 parchell
300 4383 483 4464 (porcellus)
501 4382 588 4444 Mab.
604 4385 634 4455 2,
651 4383 722 4440 241.
740 4386 769 4453 3,
786 4384 858 4440 302.
877 4400 964 4442 corn.
982 4381 1077 4444 eollel
1089 4382 1112 4445 l.
1131 4380 1235 4447 kelle!
1245 4372 1289 4458 (gl
