2896 4980
348 1388 579 1491 LIBER
626 1386 960 1491 TERTIUS.

592 1660 720 1668 .----

495 1808 574 1889 DE
604 1808 812 1890 VERBO.

164 2057 302 2120 Verbum
323 2054 490 2137 utriusque
510 2054 656 2138 linguae,
679 2054 858 2118 hibernicae
876 2066 913 2121 et
933 2053 1147 2127 britannicae,
1172 2074 1237 2115 non

118 2158 181 2226 lum
199 2161 389 2225 flexionibus
409 2161 562 2236 abundat,
581 2161 636 2223 sed
657 2160 755 2223 etiam
768 2160 931 2242 particulis
946 2157 1172 2223 comitantibus
1187 2179 1237 2219 eo·

118 2283 156 2330 tn
167 2269 228 2331 fere
241 2269 346 2343 modo,
364 2278 402 2329 ut
415 2265 568 2329 articulus
584 2277 633 2329 est
647 2265 837 2330 substantivi
852 2287 967 2328 comes.
999 2265 1085 2329 Sunt
1098 2282 1154 2325 ese
1168 2283 1238 2345 pur·

118 2371 192 2436 culn
215 2382 393 2456 temporum
414 2382 447 2435 et
465 2374 632 2435 modorum
651 2371 834 2455 praesertim
848 2371 980 2448 indices,
996 2371 1136 2434 multum
1150 2369 1238 2461 adju-

118 2487 188 2541 tutes
214 2490 352 2562 systema
373 2477 461 2541 verbi
481 2477 595 2540 celtici.
636 2479 815 2541 Traduntur
834 2499 908 2561 ergo
929 2478 1057 2561 singula
1076 2474 1181 2559 capita
1199 2475 1239 2538 de

118 2590 245 2647 'stemate
259 2582 347 2647 verbi
361 2583 492 2665 ejusque
506 2583 682 2666 particulis,
700 2595 796 2667 atque
810 2585 850 2646 de
864 2583 1011 2646 flexione.

437 3046 611 3119 CAPUT
644 3048 871 3119 PRIMUM.

211 3251 269 3321 De
287 3259 481 3345 systemate
498 3251 601 3322 verbi
619 3259 656 3322 et
672 3250 862 3344 particulis
879 3247 1100 3320 verbalibus.

162 3448 375 3512 Monumenta
389 3448 562 3512 vetustiora
576 3464 756 3533 comparata
771 3461 835 3514 tam
851 3449 934 3513 inter
948 3470 982 3512 se
996 3469 1093 3531 quam
1107 3468 1181 3511 oum
1192 3468 1239 3508 re·

118 3552 268 3616 ntioribus
299 3553 429 3637 linguae
455 3553 695 3618 formationibus
722 3558 940 3618 demonstrant
965 3576 1068 3617 unum
1093 3552 1240 3634 idemque

118 3670 214 3722 stema
240 3659 327 3722 verbi
354 3659 458 3721 celtici
479 3659 677 3742 primitivum
698 3662 844 3725 obtinens
866 3684 922 3746 per
945 3681 1053 3723 onmes
1074 3659 1237 3721 dialectos.

118 3775 330 3847 eprseseutant
350 3763 385 3826 in
400 3776 534 3847 utroque
548 3787 674 3847 genere,
692 3767 829 3830 activo
851 3778 882 3829 et
902 3765 1087 3849 passivo,
1105 3783 1240 3845 quorum

118 3891 134 3932 e
156 3868 331 3932 flexionum
346 3869 453 3952 copiae
464 3870 533 3952 jam
548 3882 596 3934 est
610 3871 752 3948 minoris,
771 3871 832 3934 tria
847 3884 1003 3954 tempora:
1028 3888 1236 3953 praesens,

134 3996 199 4058 quo
226 3975 464 4038 terminationes
484 3997 690 4058 personarum
712 3978 751 4039 ad
772 3978 893 4038 nudam
913 3962 1050 4037 radicem
1072 3974 1239 4049 accedunt,

125 4080 258 4143 aeteri
268 4092 368 4158 tum,
383 4081 474 4164 cujus
488 4092 564 4144 nota
578 4081 745 4164 generalis,
760 4103 840 4163 quae
856 4092 962 4143 tamen
978 4080 1013 4142 in
1024 4078 1148 4163 passivo
1160 4100 1241 4141 sem·

118 4208 139 4261 r,
155 4184 190 4247 in
205 4185 307 4249 activo
323 4187 448 4270 saepius
463 4188 562 4263 deest,
576 4186 743 4249 intercedit
757 4187 840 4248 inter
854 4186 991 4250 radicem
1002 4194 1035 4247 et
1047 4182 1240 4247 terminatio·

118 4312 130 4353 s
148 4290 183 4367 S,
201 4290 399 4367 futurum,
417 4292 509 4375 cujus
530 4304 606 4355 nota
628 4291 711 4355 inter
730 4291 867 4355 radicem
887 4302 919 4354 et
940 4288 1177 4354 terminationes
1191 4299 1241 4352 est

141 4395 228 4460 Sunt
242 4407 350 4461 autem
364 4399 504 4481 duplicia
520 4399 597 4461 haec
613 4410 764 4481 tempora,
781 4396 980 4483 primaria
999 4393 1119 4458 scilicet
1133 4405 1166 4457 et
1185 4415 1240 4457 se·
