2896 4980
259 338 306 401 11.
325 344 357 400 1.
405 358 505 402 raon.
524 359 613 402 narr.
631 360 850 403 PossBsswUM
866 359 1076 402 nasonorou.
1186 340 1248 401 393

118 512 169 589 tua)
182 514 208 583 3,
228 511 299 569 192.
324 509 385 571 dea
392 507 494 589 parth
508 531 547 593 vy
563 518 621 573 oet.
639 510 720 571 oden
729 508 830 589 parth
844 531 865 592 y
881 517 932 572 ten
947 508 1054 571 dr'tlron
1071 510 1166 589 (duae
1180 530 1250 591 par-

118 624 152 673 tes
163 633 241 674 meae
255 612 369 676 aetatis
384 626 416 677 et
430 616 512 677 duae
526 625 630 697 partes
647 616 733 694 tuae)
751 619 781 690 2,
801 620 873 676 202.
893 614 1038 695 panedol
1048 636 1098 699 yro
1112 636 1133 697 y
1151 623 1201 676 ten
1216 613 1254 675 di

118 722 188 796 [quae
207 715 371 779 meditatio
391 727 439 779 est
462 727 527 793 tua,
552 728 600 780 est
621 717 714 799 tibil)
730 725 769 795 2,
790 726 839 781 13.
871 720 956 783 Cum
976 741 1067 804 pron.
1092 740 1248 801 possess.:

118 822 252 885 nadal
262 844 313 905 yro
328 824 371 906 dy
387 830 438 884 tau
453 822 490 885 cn·
504 828 534 897 2,
554 830 605 886 63.

179 928 270 989 EID:
295 948 329 988 oa
348 927 418 1010 tyni
431 927 588 1013 oyynlrely
602 951 623 1012 y
641 929 851 1014 llomltyatoen
865 953 908 1015 yn
926 930 992 992 eidi
1005 930 1041 993 ni
1055 932 1147 1014 dyret
1160 937 1254 1012 royot

118 1055 256 1117 yymroon
278 1054 299 1094 a
320 1032 401 1094 mini
416 1033 456 1112 (si
476 1033 618 1115 postulae
638 1033 745 1096 nisum
766 1047 804 1097 ut
824 1035 903 1117 ejus,
921 1036 1057 1120 puellae,
1074 1033 1249 1117 proprium,

118 1139 168 1200 reni
186 1149 217 1202 et
237 1160 348 1221 pugna
366 1146 504 1219 meeum)
521 1139 608 1200 Mab.
628 1143 664 1214 2,
686 1146 734 1201 17.
758 1162 780 1225 y
802 1162 872 1203 moe
893 1163 914 1223 y
937 1139 1081 1202 breiolren
1103 1138 1190 1224 lrynn
1213 1160 1253 1200 or

118 1244 265 1327 duynronn
275 1265 320 1328 yn
334 1243 415 1305 1εοίΙί
428 1243 489 1305 olot
503 1266 523 1305 a
532 1243 738 1328 ,milwryaert
752 1245 893 1330 lymeint
907 1268 945 1307 oc
956 1246 1037 1307 ooed
1049 1245 1158 1307 ridant
1169 1248 1253 1326 (per-

118 1348 178 1411 dunt
194 1349 322 1412 brachia
341 1348 419 1410 haee
434 1359 466 1410 et
482 1360 608 1431 pectora
622 1348 755 1431 gloriam
770 1360 803 1411 et
817 1349 968 1411 virtutem
983 1359 1116 1424 tantam,
1135 1360 1254 1431 quanta

118 1466 165 1516 ent
176 1476 241 1530 sua,
259 1463 328 1517 erat
342 1475 451 1515 eorum
464 1453 605 1536 propria)
622 1460 652 1529 2,
672 1461 723 1516 35.
756 1455 840 1518 Cum
854 1453 1003 1517 articulo:
1016 1476 1065 1536 po
1079 1476 1147 1539 tyro
1162 1475 1254 1536 neyer

118 1579 153 1639 yn
171 1581 207 1644 yr
225 1560 328 1622 eidaw
348 1559 393 1641 ef.
417 1558 475 1622 heb
496 1582 517 1643 y
541 1558 672 1621 dronhin
695 1560 802 1641 (quale
822 1560 987 1643 negotium
1007 1561 1055 1623 es't
1075 1582 1181 1636 suurn,
1206 1571 1254 1622 est

118 1662 182 1742 aa?
202 1664 283 1727 dixit
302 1672 371 1743 rex)
390 1670 419 1738 3,
439 1670 489 1725 83.
510 1674 724 1748 yooynoasant
742 1665 826 1727 idaeo
842 1667 1015 1746 padorpar
1029 1667 1088 1728 ord
1100 1687 1140 1749 yr
1154 1665 1262 1727 eidow‘

119 1768 332 1848 (quaesivenmt
351 1791 391 1831 ex
411 1791 459 1844 eo,
477 1770 561 1851 quod
579 1769 748 1833 eonsilium
763 1781 845 1832 esset
861 1792 966 1845 suum,
984 1771 1062 1852 quid
1076 1770 1256 1842 faciendum

119 1888 230 1956 pararet)
248 1884 277 1952 3,
298 1883 349 1937 85.
374 1883 480 1958 nrynet
500 1897 521 1957 y
544 1875 661 1958 edryolr
672 1875 828 1955 pouedwl
839 1898 889 1959 yw
903 1897 944 1958 yr
958 1876 1068 1938 eidnnt
1082 1875 1140 1954 (ire
1156 1877 1196 1937 ad
1212 1875 1257 1937 vi·

120 1976 245 2057 andum,
270 1982 355 2064 quod
375 1979 543 2043 eonsilium
565 1979 607 2042 sit
628 2001 734 2054 suum,
760 1983 883 2060 eorum)
900 1987 931 2053 3,
950 1985 1001 2041 82.
1026 1989 1084 2063 nyt
1105 1982 1164 2041 oed
1182 1981 1259 2041 olwc

121 2080 213 2164 macl
236 2108 296 2149 nor
315 2086 382 2148 eidi
396 2089 475 2165 (non
490 2096 556 2146 erat
575 2096 720 2167 aspectus
735 2084 907 2167 pulchrior,
925 2106 1021 2165 quam
1036 2105 1125 2157 suus,
1143 2083 1255 2164 ipsiuS,

122 2190 233 2273 puellae)
251 2197 288 2268 2,
307 2196 380 2252 218.
412 2192 496 2254 Cum
515 2211 606 2272 pron.
624 2211 776 2272 possese:
802 2188 882 2251 enini
903 2189 1032 2271 ododos
1047 2188 1202 2271 oyylrorff
1214 2211 1258 2273 yn

122 2293 195 2378 trlyn
213 2321 234 2381 y
257 2297 359 2360 eidow
373 2296 531 2380 ynllowen
544 2298 616 2377 (ego
631 2295 711 2357 dabo
727 2315 840 2377 eorpus
855 2314 961 2355 meum
977 2292 1011 2353 in
1026 2293 1258 2375 oppositionem

121 2389 197 2475 ipsius
218 2401 337 2485 proprii
357 2401 505 2480 libenter)
522 2406 552 2476 3,
576 2405 645 2460 196.
672 2400 783 2483 ywedy
807 2420 963 2482 yoreayyn
985 2421 1006 2482 y
1030 2398 1106 2460 wlot
1125 2420 1146 2481 y
1164 2397 1259 2480 ywle-

124 2499 204 2582 dycta
228 2505 372 2570 ownaetlt
393 2528 458 2589 yny
480 2507 540 2568 oed
557 2528 621 2590 yny
643 2505 744 2566 er'dow
763 2505 805 2588 ef
820 2507 1001 2587 (postquam
1024 2503 1141 2566 invasit
1159 2502 1258 2585 regio·

124 2621 188 2685 nen,
199 2610 354 2675 dominari
369 2610 472 2693 coepit
487 2611 586 2673 donec
602 2622 684 2672 esset
699 2633 756 2672 sua
770 2609 907 2692 propria,
922 2608 956 2671 in
972 2607 1040 2691 ejus
1056 2607 1261 2692 proprietate)

125 2711 148 2782 ³,
164 2719 226 2780 tn.

188 2823 281 2887 EIN:
307 2824 376 2886 dwo
397 2821 526 2886 nmdr'tlr
542 2823 614 2884 duro
629 2841 668 2882 ar
683 2820 787 2904 er'nym
800 2828 920 2903 yennyt
934 2822 1054 2899 (sumas
1069 2818 1261 2881 benedictio-

123 2934 179 2987 nem
190 2928 239 2991 dei
253 2940 286 2990 et
301 2939 441 2991 nostram
457 2927 532 3001 tibi;
549 2925 608 3002 α’ν,
626 2925 715 2988 artic.
733 2947 765 3007 p.
785 2929 860 3005 2411)
874 2925 961 2986 Mab.
978 2927 1008 2998 2,
1025 2927 1097 2984 236.
1115 2945 1135 2984 a
1151 2924 1262 3006 wyrda

118 3030 264 3114 namur
283 3054 334 3116 yw
354 3054 395 3116 yr
416 3033 535 3095 einwelr
558 3030 640 3094 edwi
657 3048 722 3113 yno
739 3029 811 3108 (viri
832 3028 919 3103 boni,
937 3049 1017 3109 quae
1040 3025 1200 3089 institutio
1215 3037 1263 3088 est

123 3142 204 3200 rutra
218 3137 282 3213 hie,
300 3137 378 3219 quid
393 3137 443 3200 hie
459 3136 598 3219 incipitis
606 3136 632 3217 l)
650 3140 679 3210 2,
700 3140 751 3195 62.

380 3370 427 3432 ΙΙ.
474 3368 668 3432 Pronomina
683 3367 858 3450 possessiva
873 3367 982 3429 infixa.

192 3556 279 3617 Inter
294 3555 492 3617 substantiva
507 3554 708 3616 intercedunt
723 3563 754 3614 et
769 3552 1015 3635 praepositiones
1030 3553 1081 3615 vel
1095 3553 1266 3636 particulas

118 3661 324 3731 Qmeeedentes
353 3659 534 3722 terminatas
562 3657 738 3731 vocalibuS,
762 3656 922 3719 interdum
947 3669 978 3720 et
1004 3657 1144 3739 liquidis,
1170 3679 1198 3719 e.
1216 3678 1264 3738 gr.

118 3778 211 3848 traep.
230 3765 347 3827 eambr.
364 3787 419 3848 yn,
437 3785 551 3826 annor.
569 3787 618 3838 en,
637 3783 717 3843 quae
738 3763 822 3823 fiunt
843 3785 876 3845 y,
894 3786 921 3838 e,
939 3764 1056 3825 eambr.
1076 3762 1133 3823 eir.
1167 3761 1267 3823 Solita

118 3880 152 3932 *tt
166 3869 323 3951 separatio
338 3868 434 3930 etiam
449 3868 562 3931 horum
576 3867 801 3949 pronominum
817 3889 881 3928 una
896 3887 969 3927 eum
983 3864 1146 3947 particulis
1162 3886 1181 3925 a
1195 3865 1268 3925 sub·

118 3974 251 4038 antivia
267 3973 344 4049 suis,
363 3985 400 4036 ut
414 3974 585 4036 infixornm
601 3970 814 4055 personalium
829 3992 848 4031 a
863 3971 976 4032 verbis.

192 4087 222 4141 1.
255 4082 374 4142 Pron.
399 4100 576 4161 possesa
599 4077 769 4139 infixum
795 4084 823 4137 1.
841 4096 945 4156 pers.
979 4075 1069 4156 Sing.
1095 4075 1213 4136 oambr.
1231 4074 1267 4135 M

118 4191 194 4248 'non
220 4183 382 4259 inficienS,
412 4194 448 4244 ut
474 4206 494 4244 n
520 4205 611 4265 pron.
637 4181 721 4263 plur.
747 4192 778 4242 et
800 4178 977 4261 personalia
999 4180 1108 4240 eadem
1130 4178 1267 4257 infixa):

118 4291 205 4357 rdoat
228 4289 254 4352 n·
278 4308 332 4372 ym
352 4287 485 4351 ket'oanw
507 4286 635 4367 (venisti
655 4287 695 4348 ad
716 4306 819 4347 meam
841 4282 1133 4366 investigationem,
1159 4282 1199 4343 ad
1220 4303 1271 4343 me

118 4396 340 4479 [naerendum3
357 4416 379 4478 y
394 4424 437 4445 ==
450 4392 496 4468 di,
511 4392 634 4454 hibern.
649 4393 703 4470 do)
716 4391 803 4454 Mab.
823 4396 851 4464 1,
867 4394 919 4450 25.
937 4389 1008 4451 nrob
1024 4387 1104 4450 r'orll
1115 4407 1169 4468 ym
1185 4385 1274 4448 eroli

1321 4588 1412 4688 Ι
