2896 4980
253 331 300 395 11.
319 338 352 394 4.
397 352 498 399 reon.
516 352 606 397 nme.
624 353 816 398 emsomte
830 355 1039 399 Aesonium.
1164 338 1225 399 377

110 499 219 582 &dume
232 499 278 581 id)
297 507 326 577 1,
346 505 419 564 238.
444 502 552 584 aphau
573 502 668 565 welas
688 502 729 586 ef
740 526 761 587 y
783 502 871 565 niver
892 502 1015 566 hwnnw
1031 507 1165 583 (etcum
1181 505 1227 568 vi·

110 605 162 668 leret
180 605 209 667 id
229 627 381 669 numerus
402 606 467 683 hic,
485 628 598 690 agmen
620 608 694 689 hoc)
713 613 741 683 1,
761 613 833 669 247.
858 630 919 671 nae
934 610 976 693 ef
989 610 1072 685 enet't
1086 614 1164 690 (nou
1179 610 1225 681 id,

110 710 202 787 nonita,
218 711 359 792 anima!)
378 716 408 788 1,
428 717 501 775 251.
534 714 642 775 Fem:
667 734 711 777 na
731 713 775 797 hy
792 735 854 775 atto
865 713 1003 796 qurt‘aue
1018 737 1061 777 na
1075 715 1118 799 ty
1133 738 1175 800 ny
1192 738 1227 776 to

110 813 177 878 ierit
199 837 237 880 ea
262 815 410 879 maritata
435 838 494 879 nee
519 820 574 898 ne)
590 819 668 901 Leg.
688 824 718 880 2.
739 826 767 880 1.
789 825 838 879 16.
867 819 924 881 tet
950 818 987 881 ti
1009 819 1104 899 (dixit
1125 824 1226 904 ea),y

110 919 196 1003 ttqton
210 920 330 984 ntitneu
344 921 381 984 ti
393 923 628 1003 (comburemus
643 924 831 1004 eam)*Meb.
854 931 882 1000 1,
903 931 952 986 14.
972 930 1024 986 35.

155 1027 282 1089 Formae
304 1025 501 1110 emphaticae
522 1049 620 1091 masc.
638 1029 735 1105 EFO,
753 1029 907 1104 INTEU,
925 1028 998 1091 fem.
1017 1030 1139 1105 HIHI,
1158 1031 1227 1093 HI·

110 1131 203 1195 ἩΕΗ.
236 1133 357 1194 Mese:
377 1131 505 1217 panniu
518 1131 583 1215 effo
598 1133 726 1197 aedeue
741 1135 840 1217 (quod
854 1144 903 1196 est
916 1133 984 1216 ipse
999 1134 1054 1217 qui
1068 1133 1228 1217 promisit)

110 1256 150 1319 eg.
163 1243 191 1300 2.
209 1243 259 1299 11.
274 1242 327 1299 24.
346 1245 397 1300 tra
406 1236 556 1321 qudyyck
568 1236 595 1300 ti
604 1259 660 1300 etto
672 1261 728 1301 ouo
740 1238 796 1302 ath
803 1241 874 1323 qud
882 1238 991 1303 dt'theu
1002 1241 1113 1321 (quam
1123 1239 1179 1301 diu
1192 1250 1228 1301 tu

111 1339 181 1405 tabis
196 1363 282 1418 eum,
298 1341 327 1404 is
350 1352 381 1405 te
399 1340 527 1424 celabit)
543 1343 631 1405 Mat.
653 1350 681 1419 1,
702 1350 752 1405 14.
775 1352 865 1407 entem
883 1365 925 1428 ay
940 1365 1047 1428 pryno
1063 1344 1144 1426 (ipse
1158 1365 1228 1407 eam

111 1445 211 1530 timet)
227 1448 306 1530 Leg.
328 1453 356 1508 1.
376 1453 427 1509 11.
448 1453 497 1508 18.
524 1468 595 1530 ρων
614 1446 696 1530 Itaqr
710 1470 760 1532 μω
773 1458 870 1533 ynteu
885 1449 947 1531 (vir
962 1448 1110 1513 deformis
1124 1449 1151 1512 is
1166 1453 1230 1528 est)

111 1549 159 1615 [nb.
177 1560 212 1631 1,
231 1560 262 1616 6.
285 1555 434 1638 dywedut
451 1575 549 1618 aoruc
568 1560 664 1638 ynteu
684 1552 781 1634 (dixit
800 1553 841 1635 is)
859 1560 890 1630 2,
909 1561 961 1618 34.
994 1555 1102 1619 Fem.:
1122 1576 1230 1643 qouyn

111 1676 167 1720 true
178 1657 227 1722 t'dt'
240 1681 278 1722 ae
292 1658 364 1722 titi
376 1660 436 1722 oed
443 1681 487 1744 yn
495 1680 580 1740 perte
591 1657 699 1742 hynny
712 1659 882 1741 (quaesivit
897 1682 936 1723 ex
948 1682 995 1736 ea,
1009 1683 1089 1723 num
1100 1682 1137 1722 ee
1148 1659 1230 1722 face·

111 1771 127 1824 t
138 1761 203 1845 hoc)
219 1765 308 1828 Mab.
327 1770 358 1840 2,
378 1771 430 1827 31.
453 1786 487 1827 ot
502 1763 611 1827 titteu
624 1763 662 1826 ln·
674 1764 756 1828 edun
773 1765 814 1846 (si
828 1788 865 1829 ea
879 1766 961 1848 ipsa)
978 1768 1055 1848 Leg.
1075 1770 1105 1826 2.
1127 1772 1154 1826 1.
1174 1769 1226 1825 28.

111 1865 259 1954 thycdwyn
271 1891 368 1933 aorut·
379 1868 487 1933 titteu
498 1868 591 1932 raedi
601 1870 648 1949 (et
657 1871 823 1953 procedere
834 1892 872 1933 ea
882 1882 956 1933 ante
968 1875 1014 1951 se)
1028 1870 1115 1933 Mub.
1134 1876 1162 1944 1,
1176 1875 1226 1943 15.

158 1974 250 2037 Com.
274 1997 387 2038 annor.
411 1996 508 2037 masc.
533 1984 637 2035 neutr.
657 1975 729 2049 EF,
747 1975 821 2037 sem.
840 1975 905 2036 HI.
939 1976 1034 2036 Com.
1051 1995 1169 2036 muse:
1195 1973 1237 2057 ef

125 2097 215 2164 tawye
229 2080 311 2163 (ipse
325 2079 531 2160 salvababet),
549 2079 590 2163 ef
603 2101 624 2141 a
639 2079 757 2163 levem
773 2079 813 2159 (is
829 2078 924 2161 dixit)
941 2081 1030 2142 Pass.
1048 2079 1091 2160 fq.
1117 2079 1225 2140 Fem.:

112 2200 311 2269 tavynnat,
334 2184 377 2269 ty
398 2206 419 2246 a
439 2183 612 2247 theutones
632 2188 684 2264 (ea
703 2184 823 2260 voluit,
845 2183 950 2260 misit,
975 2183 1107 2263 femina)
1124 2189 1176 2257 35,
1195 2186 1225 2242 2.

112 2287 153 2363 23,
169 2297 199 2363 1;
221 2312 345 2354 accusa
371 2298 494 2352 temous
516 2288 558 2373 ty
582 2290 799 2370 (tetenderunt
821 2311 907 2365 eam,
922 2290 1076 2368 manum)
1101 2292 1176 2362 182,
1196 2291 1225 2349 2.

112 2409 195 2457 mor.
208 2417 323 2458 mese:
341 2393 403 2457 hae
417 2393 470 2478 eff
477 2396 537 2458 den
553 2394 610 2457 din
622 2396 668 2474 (et
681 2395 749 2477 ipse
763 2394 858 2458 homo
870 2393 986 2477 dignus
998 2398 1059 2474 est)
1073 2392 1158 2455 Buh.
1174 2396 1226 2467 82,

113 2498 137 2556 3.
155 2510 216 2564 tetu
231 2501 285 2586 eff
300 2501 431 2563 arriuen
447 2502 531 2581 (ecce
552 2499 680 2562 advenit
695 2499 776 2582 ipse)
793 2506 844 2576 36,
866 2507 915 2562 10.
939 2498 993 2582 eff
1005 2522 1026 2561 a
1039 2497 1132 2582 quelo
1148 2495 1229 2579 (ipse

112 2594 203 2687 idebit)
222 2610 293 2682 132,
315 2613 364 2667 14.
396 2606 531 2667 Neutr.:
558 2605 674 2668 leueret
687 2627 758 2687 spes
772 2628 810 2668 ae
825 2606 865 2690 ef
880 2627 914 2668 so
928 2605 986 2669 toz
1001 2625 1091 2686 esper
1107 2601 1226 2684 (dicite,

112 2719 129 2763 ¹¹
144 2705 194 2773 hoc
215 2710 258 2774 sit
271 2722 413 2773 vestrum
433 2709 637 2791 desiderium)
654 2716 705 2787 22,
727 2716 776 2773 12.
801 2711 918 2774 studiet
937 2733 958 2773 a
978 2708 1042 2795 huy
1059 2733 1093 2772 oz
1109 2731 1169 2771 eux
1184 2705 1239 2790 eff

112 2824 152 2872 ta
167 2824 252 2879 nezel
266 2814 427 2897 (cogitate,
444 2837 524 2878 num
545 2837 601 2878 vos
616 2814 649 2877 id
663 2814 826 2897 neveritis)
845 2823 916 2892 170,
938 2821 965 2877 1.
999 2816 1105 2877 Fem:
1129 2814 1172 2876 lta
1186 2811 1229 2896 Ity

113 2919 179 2982 terck
194 2922 271 3005 glan
287 2920 329 2983 ta
344 2919 449 2983 leones
464 2921 554 3005 refut
569 2943 589 2982 α
602 2943 680 3003 yrae
695 2921 732 2983 ti
745 2921 824 2984 alies
840 2923 886 3001 (et
900 2920 969 3003 ipsa
983 2920 1090 3002 puella
1104 2941 1184 3003 pura
1198 2928 1232 2980 et
1329 2905 1337 2919 ⁰

113 3012 226 3102 ditioni,
244 3025 402 3088 refutabat
422 3025 491 3108 ipsa
511 3025 650 3109 saepius)
667 3031 719 3102 42,
739 3033 769 3088 4.
789 3032 819 3088 5.
838 3024 881 3110 Ity
896 3048 916 3088 a
932 3025 1027 3088 Iauar
1041 3024 1124 3107 (ipsa
1138 3021 1229 3101 dicit)

113 3122 151 3201 7⁰,
170 3137 216 3194 10.
248 3131 338 3193 Hod.
355 3152 452 3194 masc.
470 3131 542 3207 hen,
559 3131 633 3194 sem.
651 3130 697 3194 tt.

159 3235 288 3298 Formae
309 3235 504 3317 emphaticae
522 3235 701 3318 duplicatae
715 3235 839 3319 generis
854 3234 998 3298 feminini
1014 3233 1110 3317 hujus
1124 3251 1229 3315 perso·

113 3345 138 3393 ¹0
149 3338 261 3423 legitur
275 3340 437 3402 cornicum
452 3341 633 3423 exemplum
648 3341 682 3403 in
698 3342 788 3403 Pam.
811 3347 880 3416 138,
897 3348 914 3401 4
927 3363 934 3401 :
952 3339 1012 3402 ken
1028 3360 1112 3401 mam
1127 3334 1231 3420 neffre

132 3439 214 3529 tyty
240 3454 269 3509 te
289 3467 332 3508 na
353 3445 454 3509 witelo
476 3445 584 3526 (aliam
605 3458 738 3509 matrem
758 3468 900 3529 unquam
922 3468 1018 3529 quam
1041 3464 1110 3507 eam
1134 3453 1169 3505 tu
1189 3463 1230 3503 ne

113 3555 227 3631 teras).

159 3656 247 3719 Plur.
267 3656 385 3717 cambr.
403 3676 499 3717 masc.
522 3666 554 3718 et
574 3656 647 3718 sem.
665 3658 805 3721 WYNT
826 3660 925 3741 (quod
947 3657 1071 3721 videtur
1092 3663 1192 3739 toy-nt
1213 3674 1231 3714 e

113 3750 175 3823 dice
188 3784 237 3846 toy
252 3792 296 3813 =
311 3760 433 3823 hibern.
449 3772 512 3822 vet.
527 3762 572 3842 e'):
591 3784 630 3823 ac
644 3771 729 3846 wynt
743 3764 927 3840 adeuthant,
942 3785 980 3825 ae
994 3769 1080 3846 wynt
1094 3758 1232 3842 awelynt

114 3863 122 3915 4
139 3865 200 3949 ipsi
213 3877 381 3942 venerunt,
398 3878 430 3928 et
445 3866 593 3930 videbant
608 3868 683 3950 ipsi)
700 3868 788 3930 Mab.
809 3874 837 3943 1,
858 3872 908 3929 22.
928 3873 979 3928 27.
1003 3887 1042 3928 ar
1057 3866 1129 3926 bore
1144 3870 1231 3925 tran-

114 3969 162 4033 sstd
180 3979 266 4056 wynt
285 3971 447 4055 aquwynt
465 3973 569 4057 twryf
583 3972 770 4036 anveitrawl
783 3975 829 4051 (et
842 3994 935 4034 mane
950 3982 1022 4053 post
1036 3979 1161 4031 noctem
1175 3988 1231 4027 au-

114 4084 218 4138 'erunt
233 4075 256 4137 ii
270 4077 444 4139 tumultum
456 4076 631 4159 ingentem)
648 4087 675 4155 1,
692 4085 743 4140 34.
769 4079 847 4139 Post
859 4077 990 4139 verbum
1000 4073 1129 4137 obvium
1141 4071 1228 4147 WY,

114 4170 201 4245 WY:
221 4203 261 4243 ac
273 4204 338 4265 yna
352 4204 374 4266 y
390 4181 579 4246 kerdassant
593 4205 641 4267 wy
656 4184 794 4245 racdunt
808 4183 854 4262 (et
869 4193 946 4244 tuno
960 4188 1179 4262 processerunt
1194 4176 1228 4251 ii,

115 4285 175 4368 eri)
187 4287 275 4349 Mat.
294 4293 322 4362 1,
338 4291 411 4350 213.
430 4288 537 4369 ephan
549 4287 773 4371 hambwyllont
783 4285 854 4369 ltwy
865 4310 886 4371 y
898 4286 1016 4347 deuant
1026 4306 1086 4367 wy.
1101 4282 1230 4365 aywedy

134 4391 247 4456 welont
267 4391 338 4477 hwy
361 4392 441 4477 dydt'
462 4393 548 4455 drwe
568 4393 632 4476 vyd
644 4400 782 4476 qantunt
796 4394 843 4473 (et
858 4390 886 4454 si
900 4387 1180 4454 animadverterint
1193 4385 1228 4462 ii,
