2896 4980
226 346 294 411 111.
313 349 344 408 2.
375 364 478 410 vnum
495 363 690 409 nnmanumr
705 362 816 407 norrvr
832 362 990 405 rannone
1006 358 1187 405 ramnum.
1238 339 1300 401 507

141 522 209 578 243.
231 537 275 600 ny
297 513 457 598 wneltogf.
483 561 519 575 ..
542 535 607 597 puy
628 512 775 596 wypwyf
790 512 933 595 oolltoys
948 514 1028 592 (non
1050 509 1182 586 faciam,
1202 510 1302 572 donec

138 621 236 685 sciam
250 641 293 683 an
307 619 440 703 possim)
460 626 488 695 1,
507 624 581 681 253.

221 732 252 789 2.
270 747 353 810 pers.
372 725 477 788 WYT
491 723 587 786 hodie
606 744 680 785 eum
696 731 708 785 1
725 722 921 805 pronominis
937 720 963 786 ti
975 721 1085 803 procul
1100 719 1208 783 dubio.
1240 720 1304 783 ve-

136 842 222 895 tusta
243 829 423 894 terminatio
439 829 487 891 01
503 850 576 890 cum
598 827 690 911 signo
712 828 812 890 futuri
832 828 974 891 obtinere
996 826 1122 889 videtur
1143 826 1178 888 in
1198 824 1304 907 glossa

136 935 313 1000 Oxoniensi
328 933 442 997 haobor'
455 934 513 1016 (gl.
532 933 740 996 excutiendus
756 932 826 1009 erit,
841 932 965 1016 pulvis3
985 932 1006 995 i.
1021 954 1049 994 e.
1067 930 1222 1012 excuties)
1236 933 1299 1005 39¹,

135 1043 173 1104 de
189 1062 253 1124 qua
268 1038 384 1101 videsis
399 1038 434 1099 in
449 1036 644 1119 Appendiee.

221 1146 262 1207 In
284 1143 391 1207 codiee
413 1145 508 1205 rubro
529 1143 698 1204 accedente
714 1142 759 1205 oh
775 1142 853 1206 alias
869 1142 1031 1227 incognita
1045 1142 1079 1206 in
1095 1143 1154 1205 hae
1170 1162 1304 1222 persona

135 1253 173 1313 fit
187 1247 369 1313 terminatio
384 1247 481 1310 YCH
494 1246 633 1326 (inversa
647 1257 679 1310 et
693 1259 817 1310 mutata
829 1250 920 1334 stop,
939 1249 990 1333 -sy
1000 1249 1047 1330 ?):
1067 1269 1104 1310 ae
1118 1267 1192 1330 yma
1208 1268 1246 1307 ae
1260 1267 1303 1329 yn

136 1380 156 1440 y
173 1356 215 1418 Ile
229 1377 250 1438 p
266 1352 401 1438 mynych
417 1354 488 1432 (aut
503 1351 555 1414 hio
570 1351 675 1414 autin
690 1353 759 1415 loeo
773 1353 830 1415 ubi
844 1353 944 1434 voles)
964 1360 992 1427 1,
1009 1358 1081 1412 285.
1100 1371 1205 1434 cymer
1219 1373 1240 1433 y
1255 1348 1304 1411 m'·

136 1483 189 1522 oer
204 1482 224 1521 a
239 1457 384 1543 vynnpclr
396 1466 455 1541 pyt
468 1456 539 1519 athi
552 1457 723 1541 amwyhas
731 1458 867 1542 aperych
883 1479 932 1519 om
938 1456 1114 1542 spdlom'on
1127 1458 1231 1536 (sume
1244 1476 1303 1515 nu·

136 1586 261 1628 merum
276 1584 371 1646 quem
385 1562 433 1624 vis
448 1572 554 1624 tecum
569 1572 602 1623 et
616 1584 695 1645 quos
710 1563 848 1626 maxime
863 1585 950 1626 amas
965 1585 982 1625 e
997 1561 1144 1625 fidelibus
1159 1560 1252 1640 meis)
1271 1565 1301 1634 2,

138 1677 190 1732 30.
223 1667 343 1731 Addita
363 1665 519 1749 particula
533 1667 695 1750 praeteriti
709 1669 748 1731 fit
762 1668 907 1732 futurum
921 1678 1086 1731 exactum:
1113 1666 1170 1750 kyt
1183 1686 1304 1750 rywrw
1418 1694 1422 1701 ·

138 1773 211 1860 lyolr
227 1773 264 1836 di
278 1771 435 1855 (quamvis
449 1771 559 1834 feceris
575 1776 625 1854 tu)
644 1780 674 1849 3,
693 1780 766 1836 394.

223 1877 400 1942 Cornioe
418 1898 475 1959 pro
490 1879 607 1940 cambr.
626 1880 716 1962 noys
723 1901 791 1941 esse
806 1879 932 1942 videtur
947 1878 1128 1942 terminatio
1143 1877 1242 1940 OFF:
1262 1898 1304 1960 ny

136 1984 228 2066 allos
236 1985 316 2061 (non
331 2002 476 2064 possum3
495 1982 535 2043 cf.
550 1985 636 2045 verb.
651 1985 751 2046 subst.
767 1983 822 2066 off
828 2016 872 2035 =
885 1985 1002 2045 cambr.
1021 1984 1109 2066 noys)
1122 1985 1213 2044 Pass.
1232 1988 1302 2057 156,

137 2098 168 2151 4.
203 2086 377 2151 Peculiaris
392 2098 440 2149 est
457 2094 486 2149 3.
504 2109 586 2170 pers.
604 2087 688 2169 sing.
706 2087 887 2150 terminatio
902 2089 1016 2151 YTH:
1036 2089 1079 2149 da
1091 2087 1187 2169 pober
1202 2085 1256 2169 eff
1262 2108 1305 2148 on

134 2192 252 2278 peoytlt
267 2193 397 2272 (bonam
411 2192 698 2255 remunerationem
713 2176 858 2275 aocipiet)
877 2194 915 2255 P.
935 2200 987 2269 44,
1005 2199 1035 2253 4.
1053 2213 1124 2275 moy
1140 2213 1189 2275 toy
1205 2213 1224 2252 a
1238 2191 1304 2273 ple·

135 2297 224 2383 wytlt
241 2297 328 2379 (plus
350 2318 405 2360 vos
427 2296 581 2371 audiatis3
606 2296 700 2359 flexio
721 2297 865 2382 impero.)
886 2303 957 2374 132,
975 2304 1006 2359 4.
1030 2317 1080 2381 toy
1102 2316 1155 2358 om
1173 2294 1304 2380 weleytlt

137 2408 209 2486 (vos
223 2423 275 2465 me
290 2401 451 2483 videbitis)
468 2408 520 2478 93,
540 2409 570 2464 4.

225 2507 435 2570 Armorica
460 2508 573 2590 lingua
597 2508 853 2581 terminationem
869 2510 937 2586 IM,
955 2509 1011 2584 IF,
1030 2506 1123 2571 hodie
1144 2506 1208 2582 -in,
1227 2505 1304 2569 -inn

137 2613 195 2695 (cf.
213 2633 309 2695 supra
323 2612 358 2674 in
373 2624 538 2695 praesente
552 2634 584 2696 p.
602 2618 691 2693 438),
709 2614 743 2678 in
759 2636 854 2678 usum
868 2615 968 2679 futuri
984 2613 1088 2677 vertit.
1113 2611 1305 2675 Dominatur

136 2716 257 2783 vocalis
270 2716 390 2781 ietiam
400 2739 457 2800 per
467 2728 587 2780 ceteras
598 2739 760 2800 personas,
774 2720 915 2806 exceptis
929 2727 958 2783 3.
973 2720 1055 2802 sing.
1071 2742 1113 2794 ·o,
1129 2729 1160 2780 et
1174 2723 1203 2779 2.
1217 2717 1301 2799 plur.

136 2832 196 2900 -ot,
211 2844 293 2906 quae
307 2844 325 2886 e
339 2822 501 2906 primitivo
516 2833 641 2886 vetusto
656 2823 764 2887 futuro
779 2824 922 2888 residuae
936 2825 1042 2908 putari
1055 2833 1189 2908 possunt
1201 2821 1305 2884 soluta

138 2931 156 2992 b
172 2928 263 3012 velf
270 2948 343 2990 cum
359 2927 459 2989 vocali
474 2949 532 2989 sua
547 2927 581 2989 in
597 2928 736 2991 vocalem
751 2952 779 2990 o.
805 2929 846 2991 In
861 2928 995 2992 recentis
1009 2928 1138 3010 linguae
1149 2948 1304 3009 gramnm·

137 3033 211 3098 tiois
227 3033 286 3096 hae
302 3034 419 3095 formae
435 3031 602 3094 sistuntur.
633 3032 724 3116 Sing.
746 3040 774 3095 1.
792 3033 913 3096 kaninn
930 3035 1081 3113 (canam),
1102 3039 1132 3093 2.
1151 3030 1231 3095 kuni
1241 3033 1304 3104 (ea-

137 3142 225 3220 nes)‚
250 3144 280 3200 3.
298 3137 381 3200 kono
400 3140 532 3218 (canet).
566 3138 656 3200 Plur.
677 3144 706 3199 1.
724 3138 855 3220 kanimp
871 3141 1061 3219 (canemus),
1080 3142 1110 3198 2.
1128 3137 1226 3199 kanot
1241 3138 1304 3215 (ca-

137 3243 250 3324 netis),
277 3249 307 3304 3.
324 3241 440 3304 konint
462 3242 616 3323 (canent).
649 3242 833 3305 Inserviunt
855 3244 914 3306 hae
929 3244 1058 3305 eaedem
1072 3261 1146 3304 cum
1160 3250 1242 3322 part.
1264 3260 1305 3301 ra

138 3350 181 3412 ad
196 3347 442 3430 significandum
453 3345 692 3428 conjunctivum
704 3348 758 3428 (cs.
773 3348 897 3411 hibern.
912 3347 1074 3431 conjunct.
1090 3368 1123 3428 p.
1139 3349 1227 3427 416).
1246 3343 1302 3428 sg.

142 3462 171 3515 l.
190 3474 230 3514 ra
241 3453 365 3536 panion
377 3455 528 3533 (canam),
548 3457 578 3513 2.
597 3473 635 3513 ra
647 3452 729 3534 poni
742 3456 876 3536 (canas),
896 3460 925 3516 3.
943 3476 983 3517 ra
995 3475 1079 3537 pano
1092 3454 1224 3534 (canat).
1250 3450 1302 3512 Pl.

142 3567 172 3621 1.
197 3580 236 3620 ra
248 3557 380 3641 qanimp
396 3560 586 3638 (canamus),
612 3563 642 3618 2.
659 3580 698 3621 ro
714 3568 812 3642 φακοί
826 3559 987 3642 (canatis),
1013 3566 1042 3621 3.
1061 3581 1100 3622 ra
1112 3556 1255 3642 panr'nt(
1293 3591 1305 3602 ·

139 3667 246 3743 nant).
279 3663 330 3724 Ita
345 3663 430 3743 apud
447 3661 626 3743 Lagonidec
642 3666 688 3745 (p.
709 3670 780 3726 109.
802 3670 887 3748 110).
912 3667 1010 3749 Apud
1024 3662 1202 3727 Dumoulin
1214 3662 1305 3742 (Pra-

138 3772 314 3849 ga01800‚
333 3789 365 3849 p.
388 3772 461 3849 106)
485 3766 561 3829 haec
582 3789 710 3830 norma:
737 3769 792 3852 Sg.
814 3777 842 3831 1.
867 3792 906 3833 ro
925 3770 1023 3853 pario
1046 3770 1189 3849 (amem),
1214 3769 1244 3826 2.
1266 3786 1306 3826 ro

136 3871 215 3954 pari
233 3873 358 3951 (ames),
386 3877 415 3933 3.
433 3892 473 3933 ra
489 3892 569 3954 qaro
592 3873 714 3953 (amet).
746 3873 798 3936 ΡΙ.
820 3881 848 3936 1.
870 3896 909 3936 ra
928 3873 1056 3956 pomnen
1071 3872 1253 3951 (amemus),
1273 3874 1304 3930 2.

139 3999 180 4039 ra
192 3976 303 4059 gorset
318 3976 470 4057 (ametis),
491 3983 520 4038 3.
538 3997 577 4038 ra
589 3977 701 4060 parim
715 3980 861 4058 (ament).
890 3978 1040 4042 Notanda
1055 3975 1107 4038 hio
1121 3975 1222 4037 forma
1236 3994 1305 4037 cor-

130 4082 190 4165 set
211 4081 443 4144 terminationis
466 4081 529 4165 -set
542 4081 655 4165 cums
663 4082 763 4144 futuri
779 4081 914 4158 residua,
933 4102 1013 4164 quae
1028 4102 1124 4165 supra
1139 4089 1187 4143 cst
1202 4079 1307 4142 soluta

140 4185 175 4248 in
190 4194 245 4249 -οί,

227 4290 336 4353 Tertia
349 4312 483 4375 persona
497 4293 532 4354 in
547 4294 576 4355 0
592 4291 718 4375 saepius
733 4292 826 4355 obvia
839 4291 874 4354 in
887 4292 991 4355 Buh.:
1010 4292 1067 4354 doe
1082 4313 1103 4353 a
1117 4290 1198 4353 miro
1213 4290 1305 4369 (deus

140 4396 292 4478 servabit)
309 4402 340 4471 6,
357 4400 409 4458 25.
427 4396 481 4480 eff
488 4419 509 4459 a
520 4398 613 4479 puolo
629 4397 711 4481 (ipse
726 4396 858 4476 videbit)
879 4402 949 4484 192,
970 4404 1020 4459 14.
1046 4397 1166 4459 Eadem
1181 4393 1216 4457 in
1231 4414 1305 4456 con·
