<?xml version="1.0" encoding="UTF-8"?>
<!DOCTYPE html PUBLIC "-//W3C//DTD XHTML 1.0 Transitional//EN"
    "http://www.w3.org/TR/xhtml1/DTD/xhtml1-transitional.dtd">
<html xmlns="http://www.w3.org/1999/xhtml" xml:lang="en" lang="en">
 <head>
  <title>
</title>
<meta http-equiv="Content-Type" content="text/html;charset=utf-8" />
  <meta name='ocr-system' content='tesseract 3.04.00' />
  <meta name='ocr-capabilities' content='ocr_page ocr_carea ocr_par ocr_line ocrx_word'/>
</head>
<body>
  <div class='ocr_page' id='page_1' title='image "./grammaticacelti00zeusgoog_0476.png"; bbox 0 0 2896 4980; ppageno 0'>
   <div class='ocr_carea' id='block_1_1' title="bbox 263 327 1244 397">
    <p class='ocr_par' dir='ltr' id='par_1_1' title="bbox 263 327 1244 397">
     <span class='ocr_line' id='line_1_1' title="bbox 263 327 1244 397; baseline 0.007 -8"><span class='ocrx_word' id='word_1_1' title='bbox 263 327 382 389; x_wconf 84' lang='lat'>111.1.</span> <span class='ocrx_word' id='word_1_2' title='bbox 428 347 636 392; x_wconf 77' lang='lat' dir='ltr'>rsnrrcumn</span> <span class='ocrx_word' id='word_1_3' title='bbox 651 349 820 394; x_wconf 63' lang='lat' dir='ltr'>transenna</span> <span class='ocrx_word' id='word_1_4' title='bbox 835 350 1055 396; x_wconf 76' lang='lat' dir='ltr'>ursnamcsn.</span> <span class='ocrx_word' id='word_1_5' title='bbox 1180 336 1244 397; x_wconf 77' lang='lat'>413</span> 
     </span>
    </p>
   </div>
   <div class='ocr_carea' id='block_1_2' title="bbox 118 496 1245 1531">
    <p class='ocr_par' dir='ltr' id='par_1_2' title="bbox 118 496 1245 1295">
     <span class='ocr_line' id='line_1_2' title="bbox 118 496 1244 584; baseline 0.007 -26"><span class='ocrx_word' id='word_1_6' title='bbox 118 496 295 577; x_wconf 89' lang='lat' dir='ltr'>nibusdam),</span> <span class='ocrx_word' id='word_1_7' title='bbox 313 518 377 579; x_wconf 87' lang='lat' dir='ltr'>qua</span> <span class='ocrx_word' id='word_1_8' title='bbox 396 496 628 580; x_wconf 81' lang='lat' dir='ltr'>significatione</span> <span class='ocrx_word' id='word_1_9' title='bbox 641 520 847 581; x_wconf 89' lang='lat' dir='ltr'>personarum</span> <span class='ocrx_word' id='word_1_10' title='bbox 862 500 1014 584; x_wconf 81' lang='lat' dir='ltr'>peculiari</span> <span class='ocrx_word' id='word_1_11' title='bbox 1025 500 1094 584; x_wconf 88' lang='lat' dir='ltr'>jam</span> <span class='ocrx_word' id='word_1_12' title='bbox 1108 503 1244 566; x_wconf 88' lang='lat' dir='ltr'>destrui-</span> 
     </span>
     <span class='ocr_line' id='line_1_3' title="bbox 118 601 1245 688; baseline 0.007 -25"><span class='ocrx_word' id='word_1_13' title='bbox 118 623 138 664; x_wconf 87' lang='lat' dir='ltr'>n</span> <span class='ocrx_word' id='word_1_14' title='bbox 149 601 241 664; x_wconf 84' lang='lat' dir='ltr'>flexio</span> <span class='ocrx_word' id='word_1_15' title='bbox 255 601 417 685; x_wconf 85' lang='lat' dir='ltr'>primitiva</span> <span class='ocrx_word' id='word_1_16' title='bbox 430 603 604 686; x_wconf 86' lang='lat' dir='ltr'>personalis</span> <span class='ocrx_word' id='word_1_17' title='bbox 620 604 716 688; x_wconf 89' lang='lat' dir='ltr'>hujus</span> <span class='ocrx_word' id='word_1_18' title='bbox 731 605 856 688; x_wconf 84' lang='lat' dir='ltr'>generis</span> <span class='ocrx_word' id='word_1_19' title='bbox 872 615 938 668; x_wconf 88' lang='lat' dir='ltr'>tam</span> <span class='ocrx_word' id='word_1_20' title='bbox 952 605 987 668; x_wconf 94' lang='lat' dir='ltr'>in</span> <span class='ocrx_word' id='word_1_21' title='bbox 1001 617 1128 670; x_wconf 85' lang='lat' dir='ltr'>vetusta</span> <span class='ocrx_word' id='word_1_22' title='bbox 1140 608 1245 671; x_wconf 92' lang='lat' dir='ltr'>hiber-</span> 
     </span>
     <span class='ocr_line' id='line_1_4' title="bbox 118 706 1243 792; baseline 0.008 -24"><span class='ocrx_word' id='word_1_23' title='bbox 118 706 163 783; x_wconf 85' lang='lat' dir='ltr'>ica,</span> <span class='ocrx_word' id='word_1_24' title='bbox 176 728 256 790; x_wconf 87' lang='lat' dir='ltr'>quae</span> <span class='ocrx_word' id='word_1_25' title='bbox 263 706 360 790; x_wconf 86' lang='lat' dir='ltr'>juxta</span> <span class='ocrx_word' id='word_1_26' title='bbox 375 706 501 769; x_wconf 77' lang='lat' dir='ltr'>tertiam</span> <span class='ocrx_word' id='word_1_27' title='bbox 512 708 682 790; x_wconf 81' lang='lat' dir='ltr'>singularis</span> <span class='ocrx_word' id='word_1_28' title='bbox 694 709 819 772; x_wconf 90' lang='lat' dir='ltr'>numeri</span> <span class='ocrx_word' id='word_1_29' title='bbox 831 710 956 773; x_wconf 85' lang='lat' dir='ltr'>tertiam</span> <span class='ocrx_word' id='word_1_30' title='bbox 967 710 1099 792; x_wconf 88' lang='lat' dir='ltr'>pluralis</span> <span class='ocrx_word' id='word_1_31' title='bbox 1111 715 1166 776; x_wconf 86' lang='lat' dir='ltr'>sed</span> <span class='ocrx_word' id='word_1_32' title='bbox 1177 736 1243 777; x_wconf 89' lang='lat' dir='ltr'>non</span> 
     </span>
     <span class='ocr_line' id='line_1_5' title="bbox 118 811 1241 898; baseline 0.005 -24"><span class='ocrx_word' id='word_1_33' title='bbox 118 823 196 874; x_wconf 61' lang='lat' dir='ltr'>iteras</span> <span class='ocrx_word' id='word_1_34' title='bbox 218 811 254 874; x_wconf 91' lang='lat' dir='ltr'>in</span> <span class='ocrx_word' id='word_1_35' title='bbox 275 811 439 875; x_wconf 89' lang='lat' dir='ltr'>communi</span> <span class='ocrx_word' id='word_1_36' title='bbox 457 835 519 875; x_wconf 89' lang='lat' dir='ltr'>usu</span> <span class='ocrx_word' id='word_1_37' title='bbox 535 814 681 890; x_wconf 86' lang='lat' dir='ltr'>servavit,</span> <span class='ocrx_word' id='word_1_38' title='bbox 701 836 796 897; x_wconf 88' lang='lat' dir='ltr'>quam</span> <span class='ocrx_word' id='word_1_39' title='bbox 811 816 846 878; x_wconf 91' lang='lat' dir='ltr'>in</span> <span class='ocrx_word' id='word_1_40' title='bbox 861 816 1028 892; x_wconf 86' lang='lat' dir='ltr'>cambrica,</span> <span class='ocrx_word' id='word_1_41' title='bbox 1047 837 1127 898; x_wconf 89' lang='lat' dir='ltr'>quse</span> <span class='ocrx_word' id='word_1_42' title='bbox 1143 818 1241 881; x_wconf 87' lang='lat' dir='ltr'>solam</span> 
     </span>
     <span class='ocr_line' id='line_1_6' title="bbox 118 915 1242 1005; baseline 0.006 -27"><span class='ocrx_word' id='word_1_43' title='bbox 118 915 204 979; x_wconf 78' lang='lat' dir='ltr'>ctiam</span> <span class='ocrx_word' id='word_1_44' title='bbox 223 916 394 1000; x_wconf 84' lang='lat' dir='ltr'>singularis</span> <span class='ocrx_word' id='word_1_45' title='bbox 409 917 562 1001; x_wconf 79' lang='lat' dir='ltr'>agnoscit.</span> <span class='ocrx_word' id='word_1_46' title='bbox 594 920 765 983; x_wconf 87' lang='lat' dir='ltr'>Recentior</span> <span class='ocrx_word' id='word_1_47' title='bbox 779 921 891 1004; x_wconf 86' lang='lat' dir='ltr'>lingua</span> <span class='ocrx_word' id='word_1_48' title='bbox 905 923 1026 984; x_wconf 88' lang='lat' dir='ltr'>addens</span> <span class='ocrx_word' id='word_1_49' title='bbox 1041 922 1156 984; x_wconf 89' lang='lat' dir='ltr'>formas</span> <span class='ocrx_word' id='word_1_50' title='bbox 1171 944 1242 1005; x_wconf 90' lang='lat' dir='ltr'>pro-</span> 
     </span>
     <span class='ocr_line' id='line_1_7' title="bbox 118 1022 1243 1109; baseline 0.005 -26"><span class='ocrx_word' id='word_1_51' title='bbox 118 1022 246 1084; x_wconf 89' lang='lat' dir='ltr'>ominum</span> <span class='ocrx_word' id='word_1_52' title='bbox 262 1022 423 1085; x_wconf 65' lang='lat' dir='ltr'>absolums</span> <span class='ocrx_word' id='word_1_53' title='bbox 438 1025 625 1087; x_wconf 81' lang='lat' dir='ltr'>adverbum</span> <span class='ocrx_word' id='word_1_54' title='bbox 642 1025 752 1088; x_wconf 87' lang='lat' dir='ltr'>tertiae</span> <span class='ocrx_word' id='word_1_55' title='bbox 767 1047 930 1109; x_wconf 88' lang='lat' dir='ltr'>personae,</span> <span class='ocrx_word' id='word_1_56' title='bbox 948 1027 1044 1109; x_wconf 90' lang='lat' dir='ltr'>idque</span> <span class='ocrx_word' id='word_1_57' title='bbox 1059 1048 1124 1089; x_wconf 92' lang='lat' dir='ltr'>non</span> <span class='ocrx_word' id='word_1_58' title='bbox 1140 1027 1243 1090; x_wconf 89' lang='lat' dir='ltr'>solum</span> 
     </span>
     <span class='ocr_line' id='line_1_8' title="bbox 118 1127 1243 1215; baseline 0.004 -27"><span class='ocrx_word' id='word_1_59' title='bbox 118 1149 124 1188; x_wconf 89' lang='grc' dir='ltr'>ι</span> <span class='ocrx_word' id='word_1_60' title='bbox 139 1127 260 1210; x_wconf 86' lang='lat' dir='ltr'>passivo</span> <span class='ocrx_word' id='word_1_61' title='bbox 275 1128 330 1189; x_wconf 89' lang='lat' dir='ltr'>sed</span> <span class='ocrx_word' id='word_1_62' title='bbox 345 1127 441 1191; x_wconf 86' lang='lat' dir='ltr'>etiam</span> <span class='ocrx_word' id='word_1_63' title='bbox 456 1128 491 1190; x_wconf 89' lang='lat' dir='ltr'>in</span> <span class='ocrx_word' id='word_1_64' title='bbox 506 1128 619 1205; x_wconf 89' lang='lat' dir='ltr'>activo,</span> <span class='ocrx_word' id='word_1_65' title='bbox 637 1130 740 1193; x_wconf 90' lang='lat' dir='ltr'>omnis</span> <span class='ocrx_word' id='word_1_66' title='bbox 754 1131 900 1194; x_wconf 88' lang='lat' dir='ltr'>flexionis</span> <span class='ocrx_word' id='word_1_67' title='bbox 914 1132 1089 1215; x_wconf 90' lang='lat' dir='ltr'>personalis</span> <span class='ocrx_word' id='word_1_68' title='bbox 1104 1131 1177 1215; x_wconf 91' lang='lat' dir='ltr'>plus</span> <span class='ocrx_word' id='word_1_69' title='bbox 1192 1132 1243 1194; x_wconf 85' lang='lat' dir='ltr'>vel</span> 
     </span>
     <span class='ocr_line' id='line_1_9' title="bbox 118 1229 409 1295; baseline 0.007 -2"><span class='ocrx_word' id='word_1_70' title='bbox 118 1229 184 1294; x_wconf 85' lang='lat' dir='ltr'>inus</span> <span class='ocrx_word' id='word_1_71' title='bbox 202 1231 409 1295; x_wconf 82' lang='lat' dir='ltr'>obliviscitur.</span> 
     </span>
    </p>

    <p class='ocr_par' dir='ltr' id='par_1_3' title="bbox 118 1337 1242 1531">
     <span class='ocr_line' id='line_1_10' title="bbox 164 1337 1241 1425; baseline 0.003 -25"><span class='ocrx_word' id='word_1_72' title='bbox 164 1337 396 1401; x_wconf 85' lang='lat' dir='ltr'>Particularum</span> <span class='ocrx_word' id='word_1_73' title='bbox 417 1338 637 1402; x_wconf 86' lang='lat' dir='ltr'>comitantium</span> <span class='ocrx_word' id='word_1_74' title='bbox 660 1343 792 1404; x_wconf 85' lang='lat' dir='ltr'>verbum</span> <span class='ocrx_word' id='word_1_75' title='bbox 813 1341 940 1425; x_wconf 90' lang='lat' dir='ltr'>utrique</span> <span class='ocrx_word' id='word_1_76' title='bbox 958 1341 1087 1424; x_wconf 87' lang='lat' dir='ltr'>linguae</span> <span class='ocrx_word' id='word_1_77' title='bbox 1102 1363 1241 1405; x_wconf 92' lang='lat' dir='ltr'>commu·</span> 
     </span>
     <span class='ocr_line' id='line_1_11' title="bbox 118 1440 1242 1531; baseline 0.002 -26"><span class='ocrx_word' id='word_1_78' title='bbox 118 1440 138 1505; x_wconf 88' lang='lat' dir='ltr'>is</span> <span class='ocrx_word' id='word_1_79' title='bbox 155 1465 217 1505; x_wconf 90' lang='lat' dir='ltr'>una</span> <span class='ocrx_word' id='word_1_80' title='bbox 238 1443 342 1506; x_wconf 91' lang='lat' dir='ltr'>solum</span> <span class='ocrx_word' id='word_1_81' title='bbox 364 1445 622 1527; x_wconf 85' lang='lat' dir='ltr'>deprehenditur,</span> <span class='ocrx_word' id='word_1_82' title='bbox 639 1468 677 1509; x_wconf 87' lang='lat' dir='ltr'>ro</span> <span class='ocrx_word' id='word_1_83' title='bbox 694 1447 813 1510; x_wconf 90' lang='lat' dir='ltr'>scilicet</span> <span class='ocrx_word' id='word_1_84' title='bbox 828 1447 956 1530; x_wconf 81' lang='lat' dir='ltr'>signum</span> <span class='ocrx_word' id='word_1_85' title='bbox 971 1446 1143 1531; x_wconf 87' lang='lat' dir='ltr'>praeteriti,</span> <span class='ocrx_word' id='word_1_86' title='bbox 1161 1466 1242 1529; x_wconf 88' lang='lat' dir='ltr'>quse</span> 
     </span>
    </p>
   </div>
   <div class='ocr_carea' id='block_1_3' title="bbox 118 1547 1242 1717">
    <p class='ocr_par' dir='ltr' id='par_1_4' title="bbox 118 1547 1242 1717">
     <span class='ocr_line' id='line_1_12' title="bbox 118 1547 1242 1636; baseline 0.004 -28"><span class='ocrx_word' id='word_1_87' title='bbox 118 1567 186 1610; x_wconf 84' lang='lat' dir='ltr'>men</span> <span class='ocrx_word' id='word_1_88' title='bbox 207 1557 240 1611; x_wconf 91' lang='lat' dir='ltr'>et</span> <span class='ocrx_word' id='word_1_89' title='bbox 261 1547 331 1631; x_wconf 89' lang='lat' dir='ltr'>ipsa</span> <span class='ocrx_word' id='word_1_90' title='bbox 345 1548 414 1632; x_wconf 88' lang='lat' dir='ltr'>jam</span> <span class='ocrx_word' id='word_1_91' title='bbox 436 1551 542 1614; x_wconf 88' lang='lat' dir='ltr'>deficit</span> <span class='ocrx_word' id='word_1_92' title='bbox 563 1551 736 1615; x_wconf 89' lang='lat' dir='ltr'>recentiore</span> <span class='ocrx_word' id='word_1_93' title='bbox 758 1562 876 1629; x_wconf 84' lang='lat' dir='ltr'>aetate3</span> <span class='ocrx_word' id='word_1_94' title='bbox 901 1553 936 1615; x_wconf 93' lang='lat' dir='ltr'>in</span> <span class='ocrx_word' id='word_1_95' title='bbox 958 1553 1028 1616; x_wconf 89' lang='lat' dir='ltr'>aliis</span> <span class='ocrx_word' id='word_1_96' title='bbox 1049 1551 1242 1636; x_wconf 84' lang='lat' dir='ltr'>temporibus</span> 
     </span>
     <span class='ocr_line' id='line_1_13' title="bbox 118 1666 413 1717; baseline 0.014 -5"><span class='ocrx_word' id='word_1_97' title='bbox 118 1672 217 1717; x_wconf 71' lang='lat' dir='ltr'>iussae</span> <span class='ocrx_word' id='word_1_98' title='bbox 231 1666 413 1717; x_wconf 89' lang='lat' dir='ltr'>occurrunt.</span> 
     </span>
    </p>
   </div>
   <div class='ocr_carea' id='block_1_4' title="bbox 179 2173 1135 2246">
    <p class='ocr_par' dir='ltr' id='par_1_5' title="bbox 179 2173 1135 2246">
     <span class='ocr_line' id='line_1_14' title="bbox 179 2173 1135 2246; baseline -0.002 -2"><span class='ocrx_word' id='word_1_99' title='bbox 179 2175 211 2244; x_wconf 93' lang='lat' dir='ltr'>I.</span> <span class='ocrx_word' id='word_1_100' title='bbox 268 2173 552 2244; x_wconf 88' lang='lat' dir='ltr'>Particulae</span> <span class='ocrx_word' id='word_1_101' title='bbox 584 2174 809 2246; x_wconf 87' lang='lat' dir='ltr'>verbales</span> <span class='ocrx_word' id='word_1_102' title='bbox 840 2174 1135 2245; x_wconf 86' lang='lat' dir='ltr'>hibernicae.</span> 
     </span>
    </p>
   </div>
   <div class='ocr_carea' id='block_1_5' title="bbox 118 2388 1245 4465">
    <p class='ocr_par' dir='ltr' id='par_1_6' title="bbox 118 2388 1240 2892">
     <span class='ocr_line' id='line_1_15' title="bbox 164 2388 1238 2473; baseline 0 -22"><span class='ocrx_word' id='word_1_103' title='bbox 164 2388 247 2452; x_wconf 90' lang='lat' dir='ltr'>Sunt</span> <span class='ocrx_word' id='word_1_104' title='bbox 264 2388 326 2451; x_wconf 77' lang='grc' dir='ltr'>ΒΟ</span> <span class='ocrx_word' id='word_1_105' title='bbox 341 2399 374 2451; x_wconf 92' lang='lat' dir='ltr'>et</span> <span class='ocrx_word' id='word_1_106' title='bbox 388 2388 451 2451; x_wconf 91' lang='grc' dir='ltr'>ΝΟ</span> <span class='ocrx_word' id='word_1_107' title='bbox 466 2388 587 2452; x_wconf 90' lang='lat' dir='ltr'>indices</span> <span class='ocrx_word' id='word_1_108' title='bbox 607 2390 778 2473; x_wconf 86' lang='lat' dir='ltr'>regulares,</span> <span class='ocrx_word' id='word_1_109' title='bbox 795 2389 852 2452; x_wconf 86' lang='lat' dir='ltr'>illa</span> <span class='ocrx_word' id='word_1_110' title='bbox 865 2388 1038 2471; x_wconf 88' lang='lat' dir='ltr'>praeteriti,</span> <span class='ocrx_word' id='word_1_111' title='bbox 1057 2388 1134 2451; x_wconf 90' lang='lat' dir='ltr'>haec</span> <span class='ocrx_word' id='word_1_112' title='bbox 1149 2410 1238 2471; x_wconf 90' lang='lat' dir='ltr'>prae·</span> 
     </span>
     <span class='ocr_line' id='line_1_16' title="bbox 118 2492 1237 2579; baseline 0.001 -25"><span class='ocrx_word' id='word_1_113' title='bbox 118 2492 176 2556; x_wconf 82' lang='lat' dir='ltr'>ntis</span> <span class='ocrx_word' id='word_1_114' title='bbox 195 2493 391 2570; x_wconf 86' lang='lat' dir='ltr'>secundarii,</span> <span class='ocrx_word' id='word_1_115' title='bbox 415 2493 450 2557; x_wconf 92' lang='lat' dir='ltr'>in</span> <span class='ocrx_word' id='word_1_116' title='bbox 472 2494 542 2558; x_wconf 88' lang='lat' dir='ltr'>aliis</span> <span class='ocrx_word' id='word_1_117' title='bbox 564 2496 757 2579; x_wconf 84' lang='lat' dir='ltr'>temporibus</span> <span class='ocrx_word' id='word_1_118' title='bbox 778 2495 879 2558; x_wconf 87' lang='lat' dir='ltr'>rarius</span> <span class='ocrx_word' id='word_1_119' title='bbox 902 2495 1022 2558; x_wconf 88' lang='lat' dir='ltr'>obviae.</span> <span class='ocrx_word' id='word_1_120' title='bbox 1055 2494 1237 2567; x_wconf 86' lang='lat' dir='ltr'>Quaeritur,</span> 
     </span>
     <span class='ocr_line' id='line_1_17' title="bbox 118 2599 1240 2684; baseline 0.004 -27"><span class='ocrx_word' id='word_1_121' title='bbox 118 2616 128 2657; x_wconf 88' lang='lat'>1</span> <span class='ocrx_word' id='word_1_122' title='bbox 144 2599 226 2682; x_wconf 89' lang='lat' dir='ltr'>prior</span> <span class='ocrx_word' id='word_1_123' title='bbox 246 2599 403 2682; x_wconf 85' lang='lat' dir='ltr'>particula</span> <span class='ocrx_word' id='word_1_124' title='bbox 424 2599 531 2682; x_wconf 87' lang='lat' dir='ltr'>putari</span> <span class='ocrx_word' id='word_1_125' title='bbox 552 2600 652 2683; x_wconf 89' lang='lat' dir='ltr'>possit</span> <span class='ocrx_word' id='word_1_126' title='bbox 667 2621 734 2663; x_wconf 87' lang='lat' dir='ltr'>esse</span> <span class='ocrx_word' id='word_1_127' title='bbox 750 2600 892 2684; x_wconf 89' lang='lat' dir='ltr'>ejusdem</span> <span class='ocrx_word' id='word_1_128' title='bbox 906 2600 1037 2684; x_wconf 84' lang='lat' dir='ltr'>originis</span> <span class='ocrx_word' id='word_1_129' title='bbox 1052 2622 1125 2663; x_wconf 91' lang='lat' dir='ltr'>cum</span> <span class='ocrx_word' id='word_1_130' title='bbox 1141 2622 1177 2662; x_wconf 79' lang='lat' dir='ltr'>ro</span> <span class='ocrx_word' id='word_1_131' title='bbox 1191 2599 1240 2662; x_wconf 93' lang='lat' dir='ltr'>in·</span> 
     </span>
     <span class='ocr_line' id='line_1_18' title="bbox 118 2703 1240 2789; baseline 0.003 -24"><span class='ocrx_word' id='word_1_132' title='bbox 118 2704 199 2767; x_wconf 80' lang='lat' dir='ltr'>mira</span> <span class='ocrx_word' id='word_1_133' title='bbox 220 2704 275 2786; x_wconf 88' lang='lat' dir='ltr'>(cf.</span> <span class='ocrx_word' id='word_1_134' title='bbox 294 2703 554 2786; x_wconf 90' lang='lat' dir='ltr'>compositionem</span> <span class='ocrx_word' id='word_1_135' title='bbox 572 2704 684 2787; x_wconf 87' lang='lat' dir='ltr'>partic.</span> <span class='ocrx_word' id='word_1_136' title='bbox 708 2705 862 2787; x_wconf 87' lang='lat' dir='ltr'>insepar.)</span> <span class='ocrx_word' id='word_1_137' title='bbox 878 2718 910 2768; x_wconf 92' lang='lat' dir='ltr'>et</span> <span class='ocrx_word' id='word_1_138' title='bbox 932 2706 1086 2789; x_wconf 88' lang='lat' dir='ltr'>posterior</span> <span class='ocrx_word' id='word_1_139' title='bbox 1106 2728 1180 2769; x_wconf 90' lang='lat' dir='ltr'>cum</span> <span class='ocrx_word' id='word_1_140' title='bbox 1199 2727 1240 2768; x_wconf 83' lang='lat' dir='ltr'>no</span> 
     </span>
     <span class='ocr_line' id='line_1_19' title="bbox 118 2806 376 2892; baseline 0.008 -21"><span class='ocrx_word' id='word_1_141' title='bbox 118 2806 207 2873; x_wconf 85' lang='lat' dir='ltr'>lstiva</span> <span class='ocrx_word' id='word_1_142' title='bbox 221 2812 268 2892; x_wconf 91' lang='lat' dir='ltr'>(p.</span> <span class='ocrx_word' id='word_1_143' title='bbox 289 2813 376 2892; x_wconf 78' lang='lat'><strong>348).</strong></span> 
     </span>
    </p>

    <p class='ocr_par' dir='ltr' id='par_1_7' title="bbox 118 2913 1241 3103">
     <span class='ocr_line' id='line_1_20' title="bbox 161 2913 1241 2999; baseline -0.001 -22"><span class='ocrx_word' id='word_1_144' title='bbox 161 2915 224 2978; x_wconf 81' lang='lat' dir='ltr'>Ro</span> <span class='ocrx_word' id='word_1_145' title='bbox 245 2915 360 2995; x_wconf 87' lang='lat' dir='ltr'>(rarius</span> <span class='ocrx_word' id='word_1_146' title='bbox 380 2936 435 2991; x_wconf 85' lang='lat' dir='ltr'>ro,</span> <span class='ocrx_word' id='word_1_147' title='bbox 457 2917 511 2996; x_wconf 78' lang='lat' dir='ltr'>ru)</span> <span class='ocrx_word' id='word_1_148' title='bbox 532 2926 589 2978; x_wconf 92' lang='lat' dir='ltr'>aut</span> <span class='ocrx_word' id='word_1_149' title='bbox 608 2914 768 2999; x_wconf 87' lang='lat' dir='ltr'>praecedit</span> <span class='ocrx_word' id='word_1_150' title='bbox 789 2926 863 2977; x_wconf 86' lang='lat' dir='ltr'>ante</span> <span class='ocrx_word' id='word_1_151' title='bbox 885 2916 1033 2990; x_wconf 90' lang='lat' dir='ltr'>verbum,</span> <span class='ocrx_word' id='word_1_152' title='bbox 1057 2915 1085 2977; x_wconf 91' lang='lat' dir='ltr'>si</span> <span class='ocrx_word' id='word_1_153' title='bbox 1106 2913 1241 2998; x_wconf 88' lang='lat' dir='ltr'>simplex</span> 
     </span>
     <span class='ocr_line' id='line_1_21' title="bbox 118 3019 1170 3103; baseline -0.002 -22"><span class='ocrx_word' id='word_1_154' title='bbox 118 3026 138 3095; x_wconf 84' lang='lat' dir='ltr'>t,</span> <span class='ocrx_word' id='word_1_155' title='bbox 152 3029 210 3083; x_wconf 84' lang='lat' dir='ltr'>aut</span> <span class='ocrx_word' id='word_1_156' title='bbox 223 3019 447 3082; x_wconf 88' lang='lat' dir='ltr'>intromittitur</span> <span class='ocrx_word' id='word_1_157' title='bbox 461 3030 534 3102; x_wconf 91' lang='lat' dir='ltr'>post</span> <span class='ocrx_word' id='word_1_158' title='bbox 547 3020 812 3103; x_wconf 85' lang='lat' dir='ltr'>praepositionem</span> <span class='ocrx_word' id='word_1_159' title='bbox 828 3021 862 3082; x_wconf 92' lang='lat' dir='ltr'>in</span> <span class='ocrx_word' id='word_1_160' title='bbox 876 3022 971 3082; x_wconf 85' lang='lat' dir='ltr'>verbo</span> <span class='ocrx_word' id='word_1_161' title='bbox 986 3019 1170 3102; x_wconf 90' lang='lat' dir='ltr'>composito.</span> 
     </span>
    </p>

    <p class='ocr_par' dir='ltr' id='par_1_8' title="bbox 118 3123 1241 3521">
     <span class='ocr_line' id='line_1_22' title="bbox 163 3123 1241 3205; baseline -0.003 -19"><span class='ocrx_word' id='word_1_162' title='bbox 163 3132 192 3187; x_wconf 89' lang='lat'>1.</span> <span class='ocrx_word' id='word_1_163' title='bbox 225 3126 433 3200; x_wconf 83' lang='lat' dir='ltr'>Praecedens,</span> <span class='ocrx_word' id='word_1_164' title='bbox 451 3125 487 3186; x_wconf 89' lang='lat' dir='ltr'>in</span> <span class='ocrx_word' id='word_1_165' title='bbox 508 3125 628 3187; x_wconf 87' lang='lat' dir='ltr'>activo:</span> <span class='ocrx_word' id='word_1_166' title='bbox 655 3124 747 3187; x_wconf 78' lang='lat' dir='ltr'>iahed</span> <span class='ocrx_word' id='word_1_167' title='bbox 766 3125 888 3187; x_wconf 64' lang='lat' dir='ltr'>roratur</span> <span class='ocrx_word' id='word_1_168' title='bbox 910 3124 984 3187; x_wconf 71' lang='lat' dir='ltr'>duit</span> <span class='ocrx_word' id='word_1_169' title='bbox 1001 3126 1063 3205; x_wconf 84' lang='lat' dir='ltr'>(est</span> <span class='ocrx_word' id='word_1_170' title='bbox 1082 3123 1141 3185; x_wconf 92' lang='lat' dir='ltr'>hoc</span> <span class='ocrx_word' id='word_1_171' title='bbox 1156 3123 1241 3205; x_wconf 93' lang='lat' dir='ltr'>quod</span> 
     </span>
     <span class='ocr_line' id='line_1_23' title="bbox 118 3227 1238 3312; baseline -0.003 -20"><span class='ocrx_word' id='word_1_172' title='bbox 118 3227 277 3292; x_wconf 76' lang='lat' dir='ltr'>snifestavi</span> <span class='ocrx_word' id='word_1_173' title='bbox 307 3229 409 3310; x_wconf 88' lang='lat' dir='ltr'>vobis)</span> <span class='ocrx_word' id='word_1_174' title='bbox 432 3231 591 3293; x_wconf 86' lang='lat' dir='ltr'>Wb.13·.</span> <span class='ocrx_word' id='word_1_175' title='bbox 621 3229 898 3312; x_wconf 73' lang='lat' dir='ltr'>rotoltanae&#39;pestar</span> <span class='ocrx_word' id='word_1_176' title='bbox 921 3229 978 3311; x_wconf 82' lang='lat' dir='ltr'>(gl.</span> <span class='ocrx_word' id='word_1_177' title='bbox 1003 3227 1157 3311; x_wconf 87' lang='lat' dir='ltr'>placitum</span> <span class='ocrx_word' id='word_1_178' title='bbox 1179 3237 1238 3302; x_wconf 85' lang='lat' dir='ltr'>est,</span> 
     </span>
     <span class='ocr_line' id='line_1_24' title="bbox 118 3330 1239 3417; baseline -0.004 -20"><span class='ocrx_word' id='word_1_179' title='bbox 118 3332 217 3414; x_wconf 78' lang='lat' dir='ltr'>tesari)</span> <span class='ocrx_word' id='word_1_180' title='bbox 234 3334 290 3417; x_wconf 85' lang='lat' dir='ltr'>Sg.</span> <span class='ocrx_word' id='word_1_181' title='bbox 311 3330 353 3396; x_wconf 69' lang='lat'>7⁵.</span> <span class='ocrx_word' id='word_1_182' title='bbox 370 3333 574 3398; x_wconf 78' lang='lat' dir='ltr'>rochrochsat</span> <span class='ocrx_word' id='word_1_183' title='bbox 588 3357 633 3397; x_wconf 86' lang='lat' dir='ltr'>cr.</span> <span class='ocrx_word' id='word_1_184' title='bbox 653 3332 894 3415; x_wconf 87' lang='lat' dir='ltr'>(crucifixerunt</span> <span class='ocrx_word' id='word_1_185' title='bbox 908 3332 1086 3415; x_wconf 86' lang='lat' dir='ltr'>Christum)</span> <span class='ocrx_word' id='word_1_186' title='bbox 1102 3333 1178 3395; x_wconf 89' lang='lat' dir='ltr'>Wb.</span> <span class='ocrx_word' id='word_1_187' title='bbox 1198 3336 1239 3393; x_wconf 69' lang='lat'>5‘.</span> 
     </span>
     <span class='ocr_line' id='line_1_25' title="bbox 118 3433 1237 3521; baseline -0.004 -19"><span class='ocrx_word' id='word_1_188' title='bbox 118 3439 260 3502; x_wconf 56' lang='lat' dir='ltr'>strueret</span> <span class='ocrx_word' id='word_1_189' title='bbox 274 3441 313 3502; x_wconf 88' lang='lat' dir='ltr'>do</span> <span class='ocrx_word' id='word_1_190' title='bbox 321 3448 454 3521; x_wconf 82' lang='lat' dir='ltr'>precept</span> <span class='ocrx_word' id='word_1_191' title='bbox 468 3439 535 3500; x_wconf 69' lang='lat' dir='ltr'>ihu.</span> <span class='ocrx_word' id='word_1_192' title='bbox 554 3440 769 3520; x_wconf 82' lang='lat' dir='ltr'>(crediderunt</span> <span class='ocrx_word' id='word_1_193' title='bbox 784 3438 961 3502; x_wconf 87' lang='lat' dir='ltr'>doctrinam</span> <span class='ocrx_word' id='word_1_194' title='bbox 975 3440 996 3502; x_wconf 91' lang='lat' dir='ltr'>J</span> <span class='ocrx_word' id='word_1_195' title='bbox 997 3442 1067 3520; x_wconf 85' lang='lat' dir='ltr'>esu)</span> <span class='ocrx_word' id='word_1_196' title='bbox 1080 3439 1156 3501; x_wconf 89' lang='lat' dir='ltr'>Wb.</span> <span class='ocrx_word' id='word_1_197' title='bbox 1173 3433 1237 3499; x_wconf 75' lang='lat'>24⁶.</span> 
     </span>
    </p>

    <p class='ocr_par' dir='ltr' id='par_1_9' title="bbox 118 3543 1245 3838">
     <span class='ocr_line' id='line_1_26' title="bbox 138 3543 1242 3628; baseline -0.003 -22"><span class='ocrx_word' id='word_1_198' title='bbox 138 3543 282 3628; x_wconf 83' lang='lat' dir='ltr'>passivo:</span> <span class='ocrx_word' id='word_1_199' title='bbox 315 3543 629 3627; x_wconf 73' lang='lat' dir='ltr'>isdiarfoirbttetsni</span> <span class='ocrx_word' id='word_1_200' title='bbox 655 3546 822 3607; x_wconf 74' lang='lat' dir='ltr'>roscrr&#39;dad</span> <span class='ocrx_word' id='word_1_201' title='bbox 840 3545 894 3625; x_wconf 85' lang='lat' dir='ltr'>(ad</span> <span class='ocrx_word' id='word_1_202' title='bbox 923 3544 1154 3606; x_wconf 88' lang='lat' dir='ltr'>confirmandos</span> <span class='ocrx_word' id='word_1_203' title='bbox 1184 3564 1242 3604; x_wconf 88' lang='lat' dir='ltr'>nos</span> 
     </span>
     <span class='ocr_line' id='line_1_27' title="bbox 118 3643 1245 3733; baseline -0.003 -21"><span class='ocrx_word' id='word_1_204' title='bbox 118 3649 231 3733; x_wconf 83' lang='lat' dir='ltr'>iptum</span> <span class='ocrx_word' id='word_1_205' title='bbox 245 3655 307 3730; x_wconf 89' lang='lat' dir='ltr'>est)</span> <span class='ocrx_word' id='word_1_206' title='bbox 324 3649 399 3710; x_wconf 89' lang='lat' dir='ltr'>Wb.</span> <span class='ocrx_word' id='word_1_207' title='bbox 420 3643 462 3709; x_wconf 64' lang='lat'>2³.</span> <span class='ocrx_word' id='word_1_208' title='bbox 487 3648 785 3712; x_wconf 65' lang='lat' dir='ltr'>{strithairmthecht</span> <span class='ocrx_word' id='word_1_209' title='bbox 804 3650 909 3712; x_wconf 77' lang='lat' dir='ltr'>rechto</span> <span class='ocrx_word' id='word_1_210' title='bbox 925 3648 1245 3733; x_wconf 77' lang='lat' dir='ltr'>roscilst&#39;pedpeccad</span> 
     </span>
     <span class='ocr_line' id='line_1_28' title="bbox 118 3748 1132 3838; baseline -0.006 -19"><span class='ocrx_word' id='word_1_211' title='bbox 118 3777 145 3819; x_wconf 82' lang='lat' dir='ltr'>er</span> <span class='ocrx_word' id='word_1_212' title='bbox 160 3753 444 3838; x_wconf 84' lang='lat' dir='ltr'>transgressionem</span> <span class='ocrx_word' id='word_1_213' title='bbox 461 3752 540 3835; x_wconf 83' lang='lat' dir='ltr'>legis</span> <span class='ocrx_word' id='word_1_214' title='bbox 555 3753 794 3817; x_wconf 87' lang='lat' dir='ltr'>manifestatum</span> <span class='ocrx_word' id='word_1_215' title='bbox 809 3765 857 3817; x_wconf 92' lang='lat' dir='ltr'>est</span> <span class='ocrx_word' id='word_1_216' title='bbox 871 3758 1050 3836; x_wconf 84' lang='lat' dir='ltr'>peccatum)</span> <span class='ocrx_word' id='word_1_217' title='bbox 1070 3748 1132 3814; x_wconf 73' lang='lat'>13⁶.</span> 
     </span>
    </p>

    <p class='ocr_par' dir='ltr' id='par_1_10' title="bbox 118 3853 1244 4465">
     <span class='ocr_line' id='line_1_29' title="bbox 160 3853 1239 3943; baseline -0.008 -20"><span class='ocrx_word' id='word_1_218' title='bbox 160 3859 343 3943; x_wconf 90' lang='lat' dir='ltr'>Depellitur</span> <span class='ocrx_word' id='word_1_219' title='bbox 369 3857 529 3919; x_wconf 91' lang='lat' dir='ltr'>interdum</span> <span class='ocrx_word' id='word_1_220' title='bbox 552 3858 707 3940; x_wconf 87' lang='lat' dir='ltr'>particula</span> <span class='ocrx_word' id='word_1_221' title='bbox 728 3858 889 3942; x_wconf 90' lang='lat' dir='ltr'>praeteriti</span> <span class='ocrx_word' id='word_1_222' title='bbox 911 3860 951 3921; x_wconf 90' lang='lat' dir='ltr'>ab</span> <span class='ocrx_word' id='word_1_223' title='bbox 972 3857 1042 3920; x_wconf 87' lang='lat' dir='ltr'>aliis</span> <span class='ocrx_word' id='word_1_224' title='bbox 1064 3853 1239 3937; x_wconf 81' lang='lat' dir='ltr'>particulis,</span> 
     </span>
     <span class='ocr_line' id='line_1_30' title="bbox 118 3960 1242 4048; baseline -0.006 -22"><span class='ocrx_word' id='word_1_225' title='bbox 118 3986 169 4048; x_wconf 82' lang='lat' dir='ltr'>gr.</span> <span class='ocrx_word' id='word_1_226' title='bbox 187 3968 216 4039; x_wconf 83' lang='lat' dir='ltr'>d,</span> <span class='ocrx_word' id='word_1_227' title='bbox 232 3965 285 4026; x_wconf 72' lang='lat' dir='ltr'>nl.-</span> <span class='ocrx_word' id='word_1_228' title='bbox 304 3960 454 4025; x_wconf 79' lang='lat' dir='ltr'>ochretsit</span> <span class='ocrx_word' id='word_1_229' title='bbox 466 3961 558 4024; x_wconf 77' lang='lat' dir='ltr'>nintd</span> <span class='ocrx_word' id='word_1_230' title='bbox 572 3963 653 4025; x_wconf 80' lang='lat' dir='ltr'>airli</span> <span class='ocrx_word' id='word_1_231' title='bbox 666 3964 799 4025; x_wconf 78' lang='lat' dir='ltr'>armban</span> <span class='ocrx_word' id='word_1_232' title='bbox 815 3966 868 4043; x_wconf 91' lang='lat' dir='ltr'>(ex</span> <span class='ocrx_word' id='word_1_233' title='bbox 883 3983 946 4045; x_wconf 91' lang='lat' dir='ltr'>quo</span> <span class='ocrx_word' id='word_1_234' title='bbox 961 3960 1162 4025; x_wconf 88' lang='lat' dir='ltr'>crediderunt</span> <span class='ocrx_word' id='word_1_235' title='bbox 1176 3979 1242 4019; x_wconf 91' lang='lat' dir='ltr'>non</span> 
     </span>
     <span class='ocr_line' id='line_1_31' title="bbox 118 4063 1243 4148; baseline -0.007 -16"><span class='ocrx_word' id='word_1_236' title='bbox 118 4069 238 4132; x_wconf 65' lang='lat' dir='ltr'>mobis</span> <span class='ocrx_word' id='word_1_237' title='bbox 258 4066 438 4131; x_wconf 89' lang='lat' dir='ltr'>obedientia</span> <span class='ocrx_word' id='word_1_238' title='bbox 459 4065 629 4129; x_wconf 91' lang='lat' dir='ltr'>mulierum</span> <span class='ocrx_word' id='word_1_239' title='bbox 651 4069 845 4148; x_wconf 89' lang='lat' dir='ltr'>nostrarum)</span> <span class='ocrx_word' id='word_1_240' title='bbox 869 4067 944 4129; x_wconf 88' lang='lat' dir='ltr'>Wb.</span> <span class='ocrx_word' id='word_1_241' title='bbox 965 4070 1027 4126; x_wconf 71' lang='lat'>31⁰.</span> <span class='ocrx_word' id='word_1_242' title='bbox 1050 4065 1088 4125; x_wconf 87' lang='lat' dir='ltr'>m&#39;</span> <span class='ocrx_word' id='word_1_243' title='bbox 1106 4063 1243 4126; x_wconf 74' lang='lat' dir='ltr'>tharsat-</span> 
     </span>
     <span class='ocr_line' id='line_1_32' title="bbox 118 4169 1242 4253; baseline -0.007 -16"><span class='ocrx_word' id='word_1_244' title='bbox 118 4196 153 4250; x_wconf 73' lang='grc' dir='ltr'>π,</span> <span class='ocrx_word' id='word_1_245' title='bbox 171 4173 209 4236; x_wconf 84' lang='lat' dir='ltr'>m&#39;</span> <span class='ocrx_word' id='word_1_246' title='bbox 231 4181 334 4237; x_wconf 72' lang='lat' dir='ltr'>taceat</span> <span class='ocrx_word' id='word_1_247' title='bbox 348 4175 427 4253; x_wconf 91' lang='lat' dir='ltr'>(non</span> <span class='ocrx_word' id='word_1_248' title='bbox 443 4170 686 4245; x_wconf 88' lang='lat' dir='ltr'>intellexerunt;</span> <span class='ocrx_word' id='word_1_249' title='bbox 710 4193 767 4253; x_wconf 90' lang='lat' dir='ltr'>pro</span> <span class='ocrx_word' id='word_1_250' title='bbox 782 4171 819 4233; x_wconf 78' lang='lat' dir='ltr'>ni</span> <span class='ocrx_word' id='word_1_251' title='bbox 830 4178 968 4245; x_wconf 85' lang='lat' dir='ltr'>roucaat,</span> <span class='ocrx_word' id='word_1_252' title='bbox 986 4169 1023 4232; x_wconf 85' lang='lat' dir='ltr'>m‘</span> <span class='ocrx_word' id='word_1_253' title='bbox 1036 4170 1242 4242; x_wconf 83' lang='lat' dir='ltr'>do-ro-ucsat,</span> 
     </span>
     <span class='ocr_line' id='line_1_33' title="bbox 133 4274 1244 4357; baseline -0.008 -15"><span class='ocrx_word' id='word_1_254' title='bbox 133 4280 212 4342; x_wconf 87' lang='lat' dir='ltr'>Wb.</span> <span class='ocrx_word' id='word_1_255' title='bbox 231 4274 303 4340; x_wconf 63' lang='lat'>26⁸:</span> <span class='ocrx_word' id='word_1_256' title='bbox 322 4277 359 4341; x_wconf 77' lang='lat' dir='ltr'>ni</span> <span class='ocrx_word' id='word_1_257' title='bbox 373 4276 472 4339; x_wconf 77' lang='lat' dir='ltr'>uainn</span> <span class='ocrx_word' id='word_1_258' title='bbox 488 4284 619 4338; x_wconf 84' lang='lat' dir='ltr'>raucsat</span> <span class='ocrx_word' id='word_1_259' title='bbox 632 4278 669 4338; x_wconf 68' lang='grc' dir='ltr'>πί</span> <span class='ocrx_word' id='word_1_260' title='bbox 682 4284 812 4338; x_wconf 80' lang='lat' dir='ltr'>occatur</span> <span class='ocrx_word' id='word_1_261' title='bbox 828 4275 907 4350; x_wconf 76' lang='lat' dir='ltr'>lina,</span> <span class='ocrx_word' id='word_1_262' title='bbox 925 4275 969 4357; x_wconf 87' lang='lat' dir='ltr'>gl.</span> <span class='ocrx_word' id='word_1_263' title='bbox 987 4295 1053 4337; x_wconf 93' lang='lat' dir='ltr'>non</span> <span class='ocrx_word' id='word_1_264' title='bbox 1069 4274 1244 4336; x_wconf 91' lang='lat' dir='ltr'>secundum</span> 
     </span>
     <span class='ocr_line' id='line_1_34' title="bbox 118 4379 1243 4465; baseline -0.009 -18"><span class='ocrx_word' id='word_1_265' title='bbox 118 4382 281 4447; x_wconf 73' lang='lat' dir='ltr'>ditionem</span> <span class='ocrx_word' id='word_1_266' title='bbox 309 4404 405 4465; x_wconf 85' lang='lat' dir='ltr'>quam</span> <span class='ocrx_word' id='word_1_267' title='bbox 427 4393 618 4465; x_wconf 86' lang='lat' dir='ltr'>acceperunt</span> <span class='ocrx_word' id='word_1_268' title='bbox 645 4402 664 4442; x_wconf 89' lang='lat' dir='ltr'>a</span> <span class='ocrx_word' id='word_1_269' title='bbox 686 4379 795 4456; x_wconf 92' lang='lat' dir='ltr'>nohis,</span> <span class='ocrx_word' id='word_1_270' title='bbox 822 4380 1001 4462; x_wconf 84' lang='lat' dir='ltr'>ambulant)</span> <span class='ocrx_word' id='word_1_271' title='bbox 1023 4380 1243 4451; x_wconf 80' lang='lat' dir='ltr'>Wb.s·.15·‚</span> 
     </span>
    </p>
   </div>
   <div class='ocr_carea' id='block_1_6' title="bbox 0 0 1452 4980">
    <p class='ocr_par' dir='ltr' id='par_1_11' title="bbox 0 0 1452 4980">
     <span class='ocr_line' id='line_1_35' title="bbox 0 0 1452 4980; baseline 0 0"><span class='ocrx_word' id='word_1_272' title='bbox 0 0 1452 4980; x_wconf 95' lang='lat' dir='ltr'> </span> 
     </span>
    </p>
   </div>
  </div>
 </body>
</html>
