<?xml version="1.0" encoding="UTF-8"?>
<!DOCTYPE html PUBLIC "-//W3C//DTD XHTML 1.0 Transitional//EN"
    "http://www.w3.org/TR/xhtml1/DTD/xhtml1-transitional.dtd">
<html xmlns="http://www.w3.org/1999/xhtml" xml:lang="en" lang="en">
 <head>
  <title>
</title>
<meta http-equiv="Content-Type" content="text/html;charset=utf-8" />
  <meta name='ocr-system' content='tesseract 3.04.00' />
  <meta name='ocr-capabilities' content='ocr_page ocr_carea ocr_par ocr_line ocrx_word'/>
</head>
<body>
  <div class='ocr_page' id='page_1' title='image "./grammaticacelti00zeusgoog_0487.png"; bbox 0 0 2896 4980; ppageno 0'>
   <div class='ocr_carea' id='block_1_1' title="bbox 134 325 1122 389">
    <p class='ocr_par' dir='ltr' id='par_1_1' title="bbox 134 325 1122 389">
     <span class='ocr_line' id='line_1_1' title="bbox 134 325 1122 389; baseline -0.007 0"><span class='ocrx_word' id='word_1_1' title='bbox 134 328 196 389; x_wconf 86' lang='grc'><strong>424</strong></span> <span class='ocrx_word' id='word_1_2' title='bbox 309 325 376 389; x_wconf 94' lang='grc' dir='ltr'><strong>ΙΙΙ.</strong></span> <span class='ocrx_word' id='word_1_3' title='bbox 398 332 426 386; x_wconf 88' lang='grc'><strong>1.</strong></span> <span class='ocrx_word' id='word_1_4' title='bbox 472 341 682 388; x_wconf 67' lang='lat' dir='ltr'><strong>eraricum</strong></span> <span class='ocrx_word' id='word_1_5' title='bbox 696 339 865 385; x_wconf 74' lang='lat' dir='ltr'><strong>vanamne</strong></span> <span class='ocrx_word' id='word_1_6' title='bbox 880 338 1122 383; x_wconf 70' lang='lat' dir='ltr'><strong>autumarent.</strong></span> 
     </span>
    </p>
   </div>
   <div class='ocr_carea' id='block_1_2' title="bbox 134 488 1326 4433">
    <p class='ocr_par' dir='ltr' id='par_1_2' title="bbox 134 488 1326 2357">
     <span class='ocr_line' id='line_1_2' title="bbox 136 488 1294 571; baseline -0.012 -13"><span class='ocrx_word' id='word_1_7' title='bbox 136 496 231 559; x_wconf 90' lang='lat' dir='ltr'><strong>verba</strong></span> <span class='ocrx_word' id='word_1_8' title='bbox 252 493 437 556; x_wconf 88' lang='lat' dir='ltr'><strong>intromittit</strong></span> <span class='ocrx_word' id='word_1_9' title='bbox 458 493 552 556; x_wconf 94' lang='lat' dir='ltr'><strong>modo</strong></span> <span class='ocrx_word' id='word_1_10' title='bbox 567 490 671 566; x_wconf 84' lang='lat' dir='ltr'><strong>solito,</strong></span> <span class='ocrx_word' id='word_1_11' title='bbox 689 512 747 553; x_wconf 89' lang='lat' dir='ltr'><strong>nec</strong></span> <span class='ocrx_word' id='word_1_12' title='bbox 762 488 856 566; x_wconf 83' lang='lat' dir='ltr'><strong>cedit,</strong></span> <span class='ocrx_word' id='word_1_13' title='bbox 875 489 903 551; x_wconf 91' lang='lat' dir='ltr'><strong>si</strong></span> <span class='ocrx_word' id='word_1_14' title='bbox 917 489 1039 552; x_wconf 79' lang='lat' dir='ltr'><strong>adsunt</strong></span> <span class='ocrx_word' id='word_1_15' title='bbox 1052 488 1239 571; x_wconf 85' lang='lat' dir='ltr'><strong>pronomina</strong></span> <span class='ocrx_word' id='word_1_16' title='bbox 1254 492 1294 557; x_wconf 73' lang='lat' dir='ltr'><strong>in.</strong></span> 
     </span>
     <span class='ocr_line' id='line_1_3' title="bbox 138 592 1282 684; baseline -0.003 -21"><span class='ocrx_word' id='word_1_17' title='bbox 138 601 275 684; x_wconf 89' lang='lat' dir='ltr'><strong>figenda,</strong></span> <span class='ocrx_word' id='word_1_18' title='bbox 294 596 571 680; x_wconf 81' lang='lat' dir='ltr'><strong>conjunctionibus</strong></span> <span class='ocrx_word' id='word_1_19' title='bbox 594 595 691 658; x_wconf 88' lang='lat' dir='ltr'><strong>etiam</strong></span> <span class='ocrx_word' id='word_1_20' title='bbox 711 593 894 678; x_wconf 83' lang='lat' dir='ltr'><strong>primitivis,</strong></span> <span class='ocrx_word' id='word_1_21' title='bbox 911 605 950 656; x_wconf 92' lang='lat' dir='ltr'><strong>ut</strong></span> <span class='ocrx_word' id='word_1_22' title='bbox 969 592 1040 657; x_wconf 84' lang='lat' dir='ltr'><strong>fieri</strong></span> <span class='ocrx_word' id='word_1_23' title='bbox 1057 593 1159 678; x_wconf 79' lang='lat' dir='ltr'><strong>possit</strong></span> <span class='ocrx_word' id='word_1_24' title='bbox 1180 592 1282 659; x_wconf 81' lang='lat' dir='ltr'><strong>infixio.</strong></span> 
     </span>
     <span class='ocr_line' id='line_1_4' title="bbox 137 697 1279 788; baseline -0.005 -20"><span class='ocrx_word' id='word_1_25' title='bbox 137 704 294 788; x_wconf 85' lang='lat' dir='ltr'><strong>Exempla</strong></span> <span class='ocrx_word' id='word_1_26' title='bbox 308 714 389 787; x_wconf 89' lang='lat' dir='ltr'><strong>part.</strong></span> <span class='ocrx_word' id='word_1_27' title='bbox 409 703 457 765; x_wconf 90' lang='lat' dir='ltr'><strong>Y:</strong></span> <span class='ocrx_word' id='word_1_28' title='bbox 474 701 627 783; x_wconf 55' lang='lat' dir='ltr'><strong>paredum</strong></span> <span class='ocrx_word' id='word_1_29' title='bbox 642 697 831 784; x_wconf 72' lang='lat' dir='ltr'><strong>qwolohmei</strong></span> <span class='ocrx_word' id='word_1_30' title='bbox 842 720 897 784; x_wconf 76' lang='lat' dir='ltr'><strong>ym</strong></span> <span class='ocrx_word' id='word_1_31' title='bbox 909 699 1024 783; x_wconf 72' lang='lat' dir='ltr'><strong>pelwir</strong></span> <span class='ocrx_word' id='word_1_32' title='bbox 1038 698 1053 761; x_wconf 78' lang='lat' dir='ltr'><strong>i</strong></span> <span class='ocrx_word' id='word_1_33' title='bbox 1067 701 1123 781; x_wconf 91' lang='lat' dir='ltr'><strong>(P.</strong></span> <span class='ocrx_word' id='word_1_34' title='bbox 1138 700 1181 763; x_wconf 93' lang='lat' dir='ltr'><strong>G.</strong></span> <span class='ocrx_word' id='word_1_35' title='bbox 1198 705 1279 780; x_wconf 78' lang='lat' dir='ltr'><strong>vooor)</strong></span> 
     </span>
     <span class='ocr_line' id='line_1_5' title="bbox 138 804 1326 890; baseline -0.008 -18"><span class='ocrx_word' id='word_1_36' title='bbox 138 810 227 872; x_wconf 88' lang='lat' dir='ltr'><strong>Mab.</strong></span> <span class='ocrx_word' id='word_1_37' title='bbox 241 816 270 883; x_wconf 89' lang='lat'><strong>1,</strong></span> <span class='ocrx_word' id='word_1_38' title='bbox 283 813 355 869; x_wconf 83' lang='grc'><strong>261.</strong></span> <span class='ocrx_word' id='word_1_39' title='bbox 369 804 914 890; x_wconf 71' lang='lat' dir='ltr'><strong>pmqelwitydutralsuwc(vocabar</strong></span> <span class='ocrx_word' id='word_1_40' title='bbox 925 805 1017 888; x_wconf 84' lang='lat' dir='ltr'><strong>niger</strong></span> <span class='ocrx_word' id='word_1_41' title='bbox 1023 804 1178 888; x_wconf 88' lang='lat' dir='ltr'><strong>proditor)</strong></span> <span class='ocrx_word' id='word_1_42' title='bbox 1187 811 1215 880; x_wconf 95' lang='grc'><strong>1,</strong></span> <span class='ocrx_word' id='word_1_43' title='bbox 1226 810 1275 865; x_wconf 90' lang='grc'><strong>271,</strong></span> <span class='ocrx_word' id='word_1_44' title='bbox 1320 882 1326 887; x_wconf 86' lang='lat'><strong>..</strong></span> 
     </span>
     <span class='ocr_line' id='line_1_6' title="bbox 138 908 1278 998; baseline -0.005 -21"><span class='ocrx_word' id='word_1_45' title='bbox 138 937 181 998; x_wconf 76' lang='lat' dir='ltr'><strong>ny</strong></span> <span class='ocrx_word' id='word_1_46' title='bbox 197 914 237 975; x_wconf 82' lang='lat' dir='ltr'><strong>bu</strong></span> <span class='ocrx_word' id='word_1_47' title='bbox 253 911 306 975; x_wconf 70' lang='lat' dir='ltr'><strong>hir</strong></span> <span class='ocrx_word' id='word_1_48' title='bbox 319 910 378 995; x_wconf 72' lang='lat' dir='ltr'><strong>pm&#39;</strong></span> <span class='ocrx_word' id='word_1_49' title='bbox 390 911 609 994; x_wconf 73' lang='lat' dir='ltr'><strong>ymbyrrywyt</strong></span> <span class='ocrx_word' id='word_1_50' title='bbox 622 908 637 970; x_wconf 77' lang='lat' dir='ltr'><strong><em>i</em></strong></span> <span class='ocrx_word' id='word_1_51' title='bbox 647 910 726 989; x_wconf 89' lang='lat' dir='ltr'><strong>(non</strong></span> <span class='ocrx_word' id='word_1_52' title='bbox 737 908 799 970; x_wconf 86' lang='lat' dir='ltr'><strong>fuit</strong></span> <span class='ocrx_word' id='word_1_53' title='bbox 810 908 943 991; x_wconf 89' lang='lat' dir='ltr'><strong>longum</strong></span> <span class='ocrx_word' id='word_1_54' title='bbox 954 911 1056 973; x_wconf 85' lang='lat' dir='ltr'><strong>donee</strong></span> <span class='ocrx_word' id='word_1_55' title='bbox 1067 909 1207 993; x_wconf 79' lang='lat' dir='ltr'><strong>dejectus</strong></span> <span class='ocrx_word' id='word_1_56' title='bbox 1217 914 1278 989; x_wconf 85' lang='lat' dir='ltr'><strong>sum)</strong></span> 
     </span>
     <span class='ocr_line' id='line_1_7' title="bbox 143 1004 1326 1100; baseline -0.003 -21"><span class='ocrx_word' id='word_1_57' title='bbox 143 1025 171 1094; x_wconf 87' lang='lat'><strong>1,</strong></span> <span class='ocrx_word' id='word_1_58' title='bbox 187 1026 217 1078; x_wconf 86' lang='grc'><strong>3.</strong></span> <span class='ocrx_word' id='word_1_59' title='bbox 243 1016 317 1078; x_wconf 86' lang='lat' dir='ltr'><strong>kam</strong></span> <span class='ocrx_word' id='word_1_60' title='bbox 337 1015 536 1100; x_wconf 72' lang='lat' dir='ltr'><strong>ymbyrpwyt</strong></span> <span class='ocrx_word' id='word_1_61' title='bbox 557 1013 571 1075; x_wconf 79' lang='lat' dir='ltr'><em>i</em></span> <span class='ocrx_word' id='word_1_62' title='bbox 590 1015 647 1076; x_wconf 87' lang='lat' dir='ltr'><strong>doe</strong></span> <span class='ocrx_word' id='word_1_63' title='bbox 662 1013 820 1095; x_wconf 89' lang='lat' dir='ltr'><strong>(quamvis</strong></span> <span class='ocrx_word' id='word_1_64' title='bbox 836 1014 905 1077; x_wconf 86' lang='lat' dir='ltr'><strong>heri</strong></span> <span class='ocrx_word' id='word_1_65' title='bbox 920 1016 1061 1099; x_wconf 85' lang='lat' dir='ltr'><strong>dejectus</strong></span> <span class='ocrx_word' id='word_1_66' title='bbox 1076 1037 1160 1090; x_wconf 91' lang='lat' dir='ltr'><strong>sum,</strong></span> <span class='ocrx_word' id='word_1_67' title='bbox 1177 1012 1279 1096; x_wconf 83' lang='lat' dir='ltr'><strong>pemit-</strong></span> <span class='ocrx_word' id='word_1_68' title='bbox 1323 1004 1326 1075; x_wconf 76' lang='grc' dir='ltr'>ῗ</span> 
     </span>
     <span class='ocr_line' id='line_1_8' title="bbox 139 1114 1326 1205; baseline -0.005 -20"><span class='ocrx_word' id='word_1_69' title='bbox 139 1134 187 1185; x_wconf 81' lang='lat' dir='ltr'><strong>tas</strong></span> <span class='ocrx_word' id='word_1_70' title='bbox 213 1140 354 1205; x_wconf 85' lang='lat' dir='ltr'><strong>pugnare</strong></span> <span class='ocrx_word' id='word_1_71' title='bbox 380 1118 488 1201; x_wconf 92' lang='lat' dir='ltr'><strong>hodie)</strong></span> <span class='ocrx_word' id='word_1_72' title='bbox 506 1126 535 1195; x_wconf 93' lang='grc'><strong>1,</strong></span> <span class='ocrx_word' id='word_1_73' title='bbox 554 1123 605 1180; x_wconf 88' lang='grc'><strong>23.</strong></span> <span class='ocrx_word' id='word_1_74' title='bbox 634 1140 695 1202; x_wconf 78' lang='lat' dir='ltr'><strong>any</strong></span> <span class='ocrx_word' id='word_1_75' title='bbox 721 1140 809 1202; x_wconf 77' lang='lat' dir='ltr'><strong>wney</strong></span> <span class='ocrx_word' id='word_1_76' title='bbox 832 1119 874 1203; x_wconf 81' lang='lat' dir='ltr'><strong>dy</strong></span> <span class='ocrx_word' id='word_1_77' title='bbox 894 1117 1015 1203; x_wconf 79' lang='lat' dir='ltr'><strong>hynny.</strong></span> <span class='ocrx_word' id='word_1_78' title='bbox 1038 1119 1097 1204; x_wconf 71' lang='lat' dir='ltr'><strong>yth</strong></span> <span class='ocrx_word' id='word_1_79' title='bbox 1116 1120 1226 1182; x_wconf 74' lang='lat' dir='ltr'><strong>adeun</strong></span> <span class='ocrx_word' id='word_1_80' title='bbox 1240 1114 1280 1200; x_wconf 71' lang='grc'><strong>911</strong></span> <span class='ocrx_word' id='word_1_81' title='bbox 1324 1146 1326 1153; x_wconf 92' lang='grc'><strong><em>·</em></strong></span> 
     </span>
     <span class='ocr_line' id='line_1_9' title="bbox 139 1222 1281 1311; baseline -0.008 -21"><span class='ocrx_word' id='word_1_82' title='bbox 139 1228 297 1311; x_wconf 74' lang='lat' dir='ltr'><strong>elynnyoa</strong></span> <span class='ocrx_word' id='word_1_83' title='bbox 313 1224 354 1306; x_wconf 91' lang='lat' dir='ltr'><strong>(si</strong></span> <span class='ocrx_word' id='word_1_84' title='bbox 369 1245 434 1287; x_wconf 91' lang='lat' dir='ltr'><strong>non</strong></span> <span class='ocrx_word' id='word_1_85' title='bbox 449 1222 544 1287; x_wconf 85' lang='lat' dir='ltr'><strong>facies</strong></span> <span class='ocrx_word' id='word_1_86' title='bbox 558 1223 629 1298; x_wconf 86' lang='lat' dir='ltr'><strong>hoc,</strong></span> <span class='ocrx_word' id='word_1_87' title='bbox 648 1223 807 1285; x_wconf 86' lang='lat' dir='ltr'><strong>trademus</strong></span> <span class='ocrx_word' id='word_1_88' title='bbox 824 1234 854 1285; x_wconf 85' lang='lat' dir='ltr'><strong>te</strong></span> <span class='ocrx_word' id='word_1_89' title='bbox 869 1223 1007 1287; x_wconf 82' lang='lat' dir='ltr'><strong>inimicis</strong></span> <span class='ocrx_word' id='word_1_90' title='bbox 1024 1224 1103 1306; x_wconf 87' lang='lat' dir='ltr'><strong>tuis)</strong></span> <span class='ocrx_word' id='word_1_91' title='bbox 1122 1232 1150 1300; x_wconf 94' lang='grc'><strong>1,</strong></span> <span class='ocrx_word' id='word_1_92' title='bbox 1170 1227 1235 1284; x_wconf 80' lang='grc'><strong>252.</strong></span> <span class='ocrx_word' id='word_1_93' title='bbox 1253 1242 1281 1304; x_wconf 73' lang='grc'><strong>91</strong></span> 
     </span>
     <span class='ocr_line' id='line_1_10' title="bbox 134 1326 1283 1415; baseline -0.006 -22"><span class='ocrx_word' id='word_1_94' title='bbox 134 1354 205 1414; x_wconf 84' lang='lat' dir='ltr'><strong>pan</strong></span> <span class='ocrx_word' id='word_1_95' title='bbox 219 1330 276 1415; x_wconf 76' lang='grc'><strong>9111</strong></span> <span class='ocrx_word' id='word_1_96' title='bbox 290 1328 395 1392; x_wconf 67' lang='lat' dir='ltr'><strong>walaia</strong></span> <span class='ocrx_word' id='word_1_97' title='bbox 407 1329 533 1413; x_wconf 67' lang='lat' dir='ltr'><strong>pyratas</strong></span> <span class='ocrx_word' id='word_1_98' title='bbox 540 1327 587 1390; x_wconf 80' lang='lat' dir='ltr'><strong>mi</strong></span> <span class='ocrx_word' id='word_1_99' title='bbox 600 1327 655 1390; x_wconf 75' lang='lat' dir='ltr'><strong>ath</strong></span> <span class='ocrx_word' id='word_1_100' title='bbox 664 1326 768 1410; x_wconf 62' lang='lat' dir='ltr'><strong>aereis</strong></span> <span class='ocrx_word' id='word_1_101' title='bbox 781 1330 834 1407; x_wconf 85' lang='lat' dir='ltr'><strong>(ex</strong></span> <span class='ocrx_word' id='word_1_102' title='bbox 846 1348 908 1410; x_wconf 93' lang='lat' dir='ltr'><strong>quo</strong></span> <span class='ocrx_word' id='word_1_103' title='bbox 919 1328 985 1391; x_wconf 90' lang='lat' dir='ltr'><strong>vidi</strong></span> <span class='ocrx_word' id='word_1_104' title='bbox 998 1340 1028 1391; x_wconf 87' lang='lat' dir='ltr'><strong>te</strong></span> <span class='ocrx_word' id='word_1_105' title='bbox 1038 1329 1191 1411; x_wconf 89' lang='lat' dir='ltr'><strong>primum,</strong></span> <span class='ocrx_word' id='word_1_106' title='bbox 1203 1336 1283 1408; x_wconf 80' lang='lat' dir='ltr'><strong>egote</strong></span> 
     </span>
     <span class='ocr_line' id='line_1_11' title="bbox 142 1427 1284 1517; baseline -0.006 -19"><span class='ocrx_word' id='word_1_107' title='bbox 142 1435 259 1515; x_wconf 89' lang='lat' dir='ltr'><strong>amavi)</strong></span> <span class='ocrx_word' id='word_1_108' title='bbox 275 1441 303 1509; x_wconf 92' lang='lat'><strong>1,</strong></span> <span class='ocrx_word' id='word_1_109' title='bbox 319 1440 392 1496; x_wconf 95' lang='grc'><strong>273.</strong></span> <span class='ocrx_word' id='word_1_110' title='bbox 417 1431 573 1517; x_wconf 82' lang='lat' dir='ltr'><strong>Exempla</strong></span> <span class='ocrx_word' id='word_1_111' title='bbox 583 1442 665 1515; x_wconf 86' lang='lat' dir='ltr'><strong>part.</strong></span> <span class='ocrx_word' id='word_1_112' title='bbox 680 1431 725 1493; x_wconf 82' lang='lat' dir='ltr'><strong>A:</strong></span> <span class='ocrx_word' id='word_1_113' title='bbox 743 1431 858 1516; x_wconf 75' lang='lat' dir='ltr'><strong>attydi</strong></span> <span class='ocrx_word' id='word_1_114' title='bbox 870 1452 923 1494; x_wconf 80' lang='lat' dir='ltr'><strong>am</strong></span> <span class='ocrx_word' id='word_1_115' title='bbox 935 1433 1037 1517; x_wconf 71' lang='lat' dir='ltr'><strong>pauely</strong></span> <span class='ocrx_word' id='word_1_116' title='bbox 1053 1433 1069 1496; x_wconf 76' lang='lat' dir='ltr'><strong><em>i</em></strong></span> <span class='ocrx_word' id='word_1_117' title='bbox 1082 1437 1129 1515; x_wconf 91' lang='lat' dir='ltr'><strong>(et</strong></span> <span class='ocrx_word' id='word_1_118' title='bbox 1140 1443 1177 1494; x_wconf 90' lang='lat' dir='ltr'><strong>tu</strong></span> <span class='ocrx_word' id='word_1_119' title='bbox 1187 1427 1284 1493; x_wconf 85' lang='lat' dir='ltr'><strong>videbis</strong></span> 
     </span>
     <span class='ocr_line' id='line_1_12' title="bbox 143 1533 1286 1622; baseline -0.007 -19"><span class='ocrx_word' id='word_1_120' title='bbox 143 1546 207 1621; x_wconf 88' lang='lat' dir='ltr'><strong>me)</strong></span> <span class='ocrx_word' id='word_1_121' title='bbox 224 1540 311 1601; x_wconf 88' lang='lat' dir='ltr'><strong>Mab.</strong></span> <span class='ocrx_word' id='word_1_122' title='bbox 333 1546 361 1614; x_wconf 90' lang='grc'><strong>1,</strong></span> <span class='ocrx_word' id='word_1_123' title='bbox 383 1544 432 1599; x_wconf 82' lang='grc'><strong>14.</strong></span> <span class='ocrx_word' id='word_1_124' title='bbox 456 1538 532 1622; x_wconf 79' lang='lat' dir='ltr'><strong>bury</strong></span> <span class='ocrx_word' id='word_1_125' title='bbox 552 1545 638 1621; x_wconf 74' lang='lat' dir='ltr'><strong>wynt</strong></span> <span class='ocrx_word' id='word_1_126' title='bbox 656 1558 677 1598; x_wconf 84' lang='lat' dir='ltr'><strong>a</strong></span> <span class='ocrx_word' id='word_1_127' title='bbox 698 1536 895 1620; x_wconf 73' lang='lat' dir='ltr'><strong>dyyyforont</strong></span> <span class='ocrx_word' id='word_1_128' title='bbox 907 1558 959 1599; x_wconf 87' lang='lat' dir='ltr'><strong>am</strong></span> <span class='ocrx_word' id='word_1_129' title='bbox 975 1537 1018 1620; x_wconf 70' lang='lat' dir='ltr'><strong>dy</strong></span> <span class='ocrx_word' id='word_1_130' title='bbox 1033 1559 1125 1618; x_wconf 78' lang='lat' dir='ltr'><strong>pean</strong></span> <span class='ocrx_word' id='word_1_131' title='bbox 1139 1559 1178 1598; x_wconf 85' lang='lat' dir='ltr'><strong>ae</strong></span> <span class='ocrx_word' id='word_1_132' title='bbox 1192 1534 1240 1598; x_wconf 78' lang='lat' dir='ltr'><strong>ath</strong></span> <span class='ocrx_word' id='word_1_133' title='bbox 1251 1533 1286 1595; x_wconf 69' lang='lat' dir='ltr'><strong>a</strong></span> 
     </span>
     <span class='ocr_line' id='line_1_13' title="bbox 144 1633 1287 1725; baseline -0.01 -17"><span class='ocrx_word' id='word_1_134' title='bbox 144 1645 224 1708; x_wconf 84' lang='lat' dir='ltr'><strong>dunt</strong></span> <span class='ocrx_word' id='word_1_135' title='bbox 238 1647 319 1725; x_wconf 86' lang='lat' dir='ltr'><strong>(cras</strong></span> <span class='ocrx_word' id='word_1_136' title='bbox 339 1651 472 1722; x_wconf 80' lang='lat' dir='ltr'><strong>surgent</strong></span> <span class='ocrx_word' id='word_1_137' title='bbox 490 1640 525 1702; x_wconf 92' lang='lat' dir='ltr'><strong>in</strong></span> <span class='ocrx_word' id='word_1_138' title='bbox 548 1652 579 1703; x_wconf 90' lang='lat' dir='ltr'><strong>te</strong></span> <span class='ocrx_word' id='word_1_139' title='bbox 593 1653 626 1703; x_wconf 89' lang='lat' dir='ltr'><strong>et</strong></span> <span class='ocrx_word' id='word_1_140' title='bbox 642 1651 672 1703; x_wconf 91' lang='lat' dir='ltr'><strong>te</strong></span> <span class='ocrx_word' id='word_1_141' title='bbox 686 1639 891 1722; x_wconf 84' lang='lat' dir='ltr'><strong>interficient)</strong></span> <span class='ocrx_word' id='word_1_142' title='bbox 909 1647 938 1716; x_wconf 94' lang='grc'><strong>1,</strong></span> <span class='ocrx_word' id='word_1_143' title='bbox 958 1645 1030 1702; x_wconf 79' lang='grc'><strong>264.</strong></span> <span class='ocrx_word' id='word_1_144' title='bbox 1046 1640 1109 1722; x_wconf 78' lang='lat' dir='ltr'><strong>pei</strong></span> <span class='ocrx_word' id='word_1_145' title='bbox 1121 1640 1178 1704; x_wconf 76' lang='lat' dir='ltr'><strong>ath</strong></span> <span class='ocrx_word' id='word_1_146' title='bbox 1193 1633 1287 1701; x_wconf 72' lang='lat' dir='ltr'><strong>editt</strong></span> 
     </span>
     <span class='ocr_line' id='line_1_14' title="bbox 143 1739 1284 1832; baseline -0.005 -23"><span class='ocrx_word' id='word_1_147' title='bbox 143 1769 215 1832; x_wconf 72' lang='grc'><strong>9710.</strong></span> <span class='ocrx_word' id='word_1_148' title='bbox 233 1755 291 1831; x_wconf 78' lang='lat' dir='ltr'><strong>ayt</strong></span> <span class='ocrx_word' id='word_1_149' title='bbox 306 1746 365 1808; x_wconf 87' lang='lat' dir='ltr'><strong>oed</strong></span> <span class='ocrx_word' id='word_1_150' title='bbox 377 1744 417 1806; x_wconf 77' lang='lat' dir='ltr'><strong>itt</strong></span> <span class='ocrx_word' id='word_1_151' title='bbox 430 1744 485 1807; x_wconf 72' lang='lat' dir='ltr'><strong>ath</strong></span> <span class='ocrx_word' id='word_1_152' title='bbox 500 1744 612 1807; x_wconf 80' lang='lat' dir='ltr'><strong>wnelei</strong></span> <span class='ocrx_word' id='word_1_153' title='bbox 624 1768 667 1830; x_wconf 81' lang='lat' dir='ltr'><strong>yn</strong></span> <span class='ocrx_word' id='word_1_154' title='bbox 682 1766 750 1829; x_wconf 78' lang='lat' dir='ltr'><strong>oyw</strong></span> <span class='ocrx_word' id='word_1_155' title='bbox 765 1743 948 1828; x_wconf 72' lang='lat' dir='ltr'><strong>druehaayn</strong></span> <span class='ocrx_word' id='word_1_156' title='bbox 960 1745 1002 1827; x_wconf 91' lang='lat' dir='ltr'><strong>(si</strong></span> <span class='ocrx_word' id='word_1_157' title='bbox 1016 1744 1232 1808; x_wconf 81' lang='lat' dir='ltr'><strong>interficeretis</strong></span> <span class='ocrx_word' id='word_1_158' title='bbox 1242 1739 1284 1815; x_wconf 88' lang='lat' dir='ltr'><strong>ibi,</strong></span> 
     </span>
     <span class='ocr_line' id='line_1_15' title="bbox 144 1848 1287 1935; baseline -0.003 -21"><span class='ocrx_word' id='word_1_159' title='bbox 144 1874 210 1914; x_wconf 90' lang='lat' dir='ltr'><strong>uon</strong></span> <span class='ocrx_word' id='word_1_160' title='bbox 225 1861 306 1912; x_wconf 87' lang='lat' dir='ltr'><strong>esset</strong></span> <span class='ocrx_word' id='word_1_161' title='bbox 323 1849 391 1925; x_wconf 93' lang='lat' dir='ltr'><strong>tibi,</strong></span> <span class='ocrx_word' id='word_1_162' title='bbox 406 1849 462 1931; x_wconf 93' lang='lat' dir='ltr'><strong>qui</strong></span> <span class='ocrx_word' id='word_1_163' title='bbox 477 1861 508 1911; x_wconf 91' lang='lat' dir='ltr'><strong>te</strong></span> <span class='ocrx_word' id='word_1_164' title='bbox 524 1849 632 1911; x_wconf 90' lang='lat' dir='ltr'><strong>vivum</strong></span> <span class='ocrx_word' id='word_1_165' title='bbox 646 1850 790 1911; x_wconf 88' lang='lat' dir='ltr'><strong>redderet</strong></span> <span class='ocrx_word' id='word_1_166' title='bbox 803 1848 932 1932; x_wconf 86' lang='lat' dir='ltr'><strong>iterum)</strong></span> <span class='ocrx_word' id='word_1_167' title='bbox 948 1858 976 1927; x_wconf 87' lang='lat'><strong>1,</strong></span> <span class='ocrx_word' id='word_1_168' title='bbox 993 1856 1067 1912; x_wconf 89' lang='grc'><strong>273.</strong></span> <span class='ocrx_word' id='word_1_169' title='bbox 1078 1872 1158 1935; x_wconf 79' lang='lat' dir='ltr'><strong>pwy</strong></span> <span class='ocrx_word' id='word_1_170' title='bbox 1172 1872 1193 1912; x_wconf 84' lang='lat' dir='ltr'><strong>a</strong></span> <span class='ocrx_word' id='word_1_171' title='bbox 1204 1867 1287 1933; x_wconf 63' lang='lat' dir='ltr'><strong>§yut</strong></span> 
     </span>
     <span class='ocr_line' id='line_1_16' title="bbox 144 1947 1287 2039; baseline -0.001 -20"><span class='ocrx_word' id='word_1_172' title='bbox 144 1978 213 2019; x_wconf 82' lang='lat' dir='ltr'><strong>rwn</strong></span> <span class='ocrx_word' id='word_1_173' title='bbox 227 1977 332 2039; x_wconf 66' lang='lat' dir='ltr'><strong>paitrau</strong></span> <span class='ocrx_word' id='word_1_174' title='bbox 346 1977 389 2039; x_wconf 79' lang='lat' dir='ltr'><strong>yn</strong></span> <span class='ocrx_word' id='word_1_175' title='bbox 405 1976 452 2017; x_wconf 78' lang='lat' dir='ltr'><strong>tor</strong></span> <span class='ocrx_word' id='word_1_176' title='bbox 466 1953 526 2036; x_wconf 78' lang='lat' dir='ltr'><strong>pei</strong></span> <span class='ocrx_word' id='word_1_177' title='bbox 538 1955 594 2017; x_wconf 75' lang='lat' dir='ltr'><strong>ath</strong></span> <span class='ocrx_word' id='word_1_178' title='bbox 606 1975 767 2039; x_wconf 73' lang='lat' dir='ltr'><strong>pymerwn</strong></span> <span class='ocrx_word' id='word_1_179' title='bbox 782 1957 890 2036; x_wconf 78' lang='lat' dir='ltr'><strong>(quem</strong></span> <span class='ocrx_word' id='word_1_180' title='bbox 906 1976 1063 2018; x_wconf 82' lang='lat' dir='ltr'><strong>sumerem</strong></span> <span class='ocrx_word' id='word_1_181' title='bbox 1079 1976 1139 2038; x_wconf 83' lang='lat' dir='ltr'><strong>ego</strong></span> <span class='ocrx_word' id='word_1_182' title='bbox 1153 1947 1287 2027; x_wconf 70' lang='lat' dir='ltr'><strong>virumti</strong></span> 
     </span>
     <span class='ocr_line' id='line_1_17' title="bbox 147 2051 1288 2142; baseline -0.007 -18"><span class='ocrx_word' id='word_1_183' title='bbox 147 2073 178 2124; x_wconf 88' lang='lat' dir='ltr'><strong>te</strong></span> <span class='ocrx_word' id='word_1_184' title='bbox 200 2058 391 2142; x_wconf 73' lang='lat' dir='ltr'><strong>sumeremi)</strong></span> <span class='ocrx_word' id='word_1_185' title='bbox 410 2066 447 2135; x_wconf 92' lang='lat'><strong>1,</strong></span> <span class='ocrx_word' id='word_1_186' title='bbox 467 2063 540 2120; x_wconf 86' lang='grc'><strong>276.</strong></span> <span class='ocrx_word' id='word_1_187' title='bbox 562 2057 609 2120; x_wconf 79' lang='lat' dir='ltr'><strong>mi</strong></span> <span class='ocrx_word' id='word_1_188' title='bbox 627 2080 665 2120; x_wconf 85' lang='lat' dir='ltr'><strong>ae</strong></span> <span class='ocrx_word' id='word_1_189' title='bbox 688 2058 796 2121; x_wconf 79' lang='lat' dir='ltr'><strong>lledeia</strong></span> <span class='ocrx_word' id='word_1_190' title='bbox 820 2062 892 2141; x_wconf 85' lang='lat' dir='ltr'><strong>(ego</strong></span> <span class='ocrx_word' id='word_1_191' title='bbox 913 2059 1012 2122; x_wconf 85' lang='lat' dir='ltr'><strong>occidi</strong></span> <span class='ocrx_word' id='word_1_192' title='bbox 1032 2064 1122 2141; x_wconf 90' lang='lat' dir='ltr'><strong>eum)</strong></span> <span class='ocrx_word' id='word_1_193' title='bbox 1141 2067 1170 2136; x_wconf 92' lang='lat'><strong>1,</strong></span> <span class='ocrx_word' id='word_1_194' title='bbox 1189 2065 1251 2120; x_wconf 81' lang='grc'><strong>211.</strong></span> <span class='ocrx_word' id='word_1_195' title='bbox 1271 2051 1288 2116; x_wconf 79' lang='lat' dir='ltr'><strong>a·</strong></span> 
     </span>
     <span class='ocr_line' id='line_1_18' title="bbox 148 2161 1288 2250; baseline -0.008 -20"><span class='ocrx_word' id='word_1_196' title='bbox 148 2167 252 2230; x_wconf 76' lang='lat' dir='ltr'><strong>nullut</strong></span> <span class='ocrx_word' id='word_1_197' title='bbox 273 2165 421 2250; x_wconf 78' lang='lat' dir='ltr'><strong>dywedut</strong></span> <span class='ocrx_word' id='word_1_198' title='bbox 441 2162 517 2226; x_wconf 77' lang='lat' dir='ltr'><strong>anei</strong></span> <span class='ocrx_word' id='word_1_199' title='bbox 537 2162 700 2247; x_wconf 71' lang='lat' dir='ltr'><strong>hyparcide</strong></span> <span class='ocrx_word' id='word_1_200' title='bbox 714 2163 774 2245; x_wconf 78' lang='lat' dir='ltr'><strong>pei</strong></span> <span class='ocrx_word' id='word_1_201' title='bbox 793 2186 829 2227; x_wconf 79' lang='lat' dir='ltr'><strong>aa</strong></span> <span class='ocrx_word' id='word_1_202' title='bbox 851 2163 985 2248; x_wconf 75' lang='lat' dir='ltr'><strong>mynhut</strong></span> <span class='ocrx_word' id='word_1_203' title='bbox 1006 2167 1058 2244; x_wconf 84' lang='lat' dir='ltr'><strong>(tu</strong></span> <span class='ocrx_word' id='word_1_204' title='bbox 1079 2185 1189 2249; x_wconf 85' lang='lat' dir='ltr'><strong>posses</strong></span> <span class='ocrx_word' id='word_1_205' title='bbox 1208 2161 1288 2226; x_wconf 79' lang='lat' dir='ltr'><strong>dicere</strong></span> 
     </span>
     <span class='ocr_line' id='line_1_19' title="bbox 148 2267 827 2357; baseline -0.006 -23"><span class='ocrx_word' id='word_1_206' title='bbox 148 2273 232 2355; x_wconf 90' lang='lat' dir='ltr'><strong>quod</strong></span> <span class='ocrx_word' id='word_1_207' title='bbox 247 2281 329 2357; x_wconf 84' lang='lat' dir='ltr'><strong>esset</strong></span> <span class='ocrx_word' id='word_1_208' title='bbox 343 2267 468 2343; x_wconf 72' lang='lat' dir='ltr'><strong>laetiuS,</strong></span> <span class='ocrx_word' id='word_1_209' title='bbox 487 2267 514 2329; x_wconf 88' lang='lat' dir='ltr'><strong>si</strong></span> <span class='ocrx_word' id='word_1_210' title='bbox 528 2267 562 2330; x_wconf 94' lang='lat' dir='ltr'><strong>id</strong></span> <span class='ocrx_word' id='word_1_211' title='bbox 576 2267 687 2351; x_wconf 88' lang='lat' dir='ltr'><strong>velles)</strong></span> <span class='ocrx_word' id='word_1_212' title='bbox 706 2276 734 2345; x_wconf 90' lang='grc'><strong>1,</strong></span> <span class='ocrx_word' id='word_1_213' title='bbox 753 2273 827 2330; x_wconf 81' lang='lat'><strong>259.</strong></span> 
     </span>
    </p>

    <p class='ocr_par' dir='ltr' id='par_1_3' title="bbox 143 2371 1296 4433">
     <span class='ocr_line' id='line_1_20' title="bbox 234 2371 1286 2459; baseline -0.006 -21"><span class='ocrx_word' id='word_1_214' title='bbox 234 2375 270 2438; x_wconf 87' lang='lat' dir='ltr'><strong>Si</strong></span> <span class='ocrx_word' id='word_1_215' title='bbox 292 2375 410 2436; x_wconf 86' lang='lat' dir='ltr'><strong>adsunt</strong></span> <span class='ocrx_word' id='word_1_216' title='bbox 431 2371 604 2455; x_wconf 83' lang='lat' dir='ltr'><strong>particulae</strong></span> <span class='ocrx_word' id='word_1_217' title='bbox 619 2372 784 2455; x_wconf 81' lang='lat' dir='ltr'><strong>negativae</strong></span> <span class='ocrx_word' id='word_1_218' title='bbox 799 2373 850 2436; x_wconf 90' lang='lat' dir='ltr'><strong>vel</strong></span> <span class='ocrx_word' id='word_1_219' title='bbox 864 2373 1105 2458; x_wconf 88' lang='lat' dir='ltr'><strong>oonjunctiones</strong></span> <span class='ocrx_word' id='word_1_220' title='bbox 1121 2372 1286 2459; x_wconf 82' lang='lat' dir='ltr'><strong>primitivae,</strong></span> 
     </span>
     <span class='ocr_line' id='line_1_21' title="bbox 148 2474 1288 2564; baseline 0 -21"><span class='ocrx_word' id='word_1_221' title='bbox 148 2479 232 2543; x_wconf 82' lang='lat' dir='ltr'><strong>cedit</strong></span> <span class='ocrx_word' id='word_1_222' title='bbox 243 2477 398 2562; x_wconf 87' lang='lat' dir='ltr'><strong>particula</strong></span> <span class='ocrx_word' id='word_1_223' title='bbox 410 2474 544 2538; x_wconf 82' lang='lat' dir='ltr'><strong>verbalis</strong></span> <span class='ocrx_word' id='word_1_224' title='bbox 556 2477 711 2539; x_wconf 83' lang='lat' dir='ltr'><strong>cambriea</strong></span> <span class='ocrx_word' id='word_1_225' title='bbox 722 2489 856 2561; x_wconf 86' lang='lat' dir='ltr'><strong>utraque</strong></span> <span class='ocrx_word' id='word_1_226' title='bbox 866 2478 1018 2562; x_wconf 88' lang='lat' dir='ltr'><strong>positiva:</strong></span> <span class='ocrx_word' id='word_1_227' title='bbox 1037 2488 1098 2564; x_wconf 80' lang='lat' dir='ltr'><strong>nyt</strong></span> <span class='ocrx_word' id='word_1_228' title='bbox 1109 2480 1156 2563; x_wconf 85' lang='lat' dir='ltr'><strong>af</strong></span> <span class='ocrx_word' id='word_1_229' title='bbox 1163 2503 1184 2564; x_wconf 95' lang='grc'><strong>9</strong></span> <span class='ocrx_word' id='word_1_230' title='bbox 1197 2475 1288 2558; x_wconf 64' lang='grc'><strong>1117191</strong></span> 
     </span>
     <span class='ocr_line' id='line_1_22' title="bbox 149 2575 1287 2669; baseline -0.005 -22"><span class='ocrx_word' id='word_1_231' title='bbox 149 2585 235 2668; x_wconf 66' lang='grc'><strong>19179</strong></span> <span class='ocrx_word' id='word_1_232' title='bbox 257 2582 413 2664; x_wconf 64' lang='lat' dir='ltr'><strong>aonelwpf</strong></span> <span class='ocrx_word' id='word_1_233' title='bbox 433 2580 499 2642; x_wconf 82' lang='lat' dir='ltr'><strong>dim</strong></span> <span class='ocrx_word' id='word_1_234' title='bbox 521 2602 556 2642; x_wconf 84' lang='lat' dir='ltr'><strong>oe</strong></span> <span class='ocrx_word' id='word_1_235' title='bbox 577 2583 742 2666; x_wconf 73' lang='lat' dir='ltr'><strong>adywedy.</strong></span> <span class='ocrx_word' id='word_1_236' title='bbox 768 2606 832 2668; x_wconf 72' lang='lat' dir='ltr'><strong>pay</strong></span> <span class='ocrx_word' id='word_1_237' title='bbox 854 2584 1002 2669; x_wconf 76' lang='lat' dir='ltr'><strong>wyprayf</strong></span> <span class='ocrx_word' id='word_1_238' title='bbox 1016 2585 1163 2668; x_wconf 59' lang='lat' dir='ltr'><strong>uullwpf</strong></span> <span class='ocrx_word' id='word_1_239' title='bbox 1181 2607 1201 2646; x_wconf 83' lang='lat' dir='ltr'><strong>a</strong></span> <span class='ocrx_word' id='word_1_240' title='bbox 1219 2575 1287 2645; x_wconf 73' lang='lat' dir='ltr'><strong>aad</strong></span> 
     </span>
     <span class='ocr_line' id='line_1_23' title="bbox 148 2684 1288 2772; baseline -0.005 -22"><span class='ocrx_word' id='word_1_241' title='bbox 148 2688 238 2772; x_wconf 76' lang='lat' dir='ltr'><strong>ywelr</strong></span> <span class='ocrx_word' id='word_1_242' title='bbox 254 2688 333 2768; x_wconf 85' lang='lat' dir='ltr'><strong>(non</strong></span> <span class='ocrx_word' id='word_1_243' title='bbox 356 2684 408 2749; x_wconf 93' lang='lat' dir='ltr'><strong>ibo</strong></span> <span class='ocrx_word' id='word_1_244' title='bbox 429 2706 449 2747; x_wconf 94' lang='lat' dir='ltr'><strong>a</strong></span> <span class='ocrx_word' id='word_1_245' title='bbox 470 2695 501 2747; x_wconf 84' lang='lat' dir='ltr'><strong>to</strong></span> <span class='ocrx_word' id='word_1_246' title='bbox 522 2686 621 2747; x_wconf 83' lang='lat' dir='ltr'><strong>donec</strong></span> <span class='ocrx_word' id='word_1_247' title='bbox 636 2685 749 2748; x_wconf 84' lang='lat' dir='ltr'><strong>faciam</strong></span> <span class='ocrx_word' id='word_1_248' title='bbox 764 2687 885 2769; x_wconf 92' lang='lat' dir='ltr'><strong>aliquid</strong></span> <span class='ocrx_word' id='word_1_249' title='bbox 899 2689 938 2750; x_wconf 88' lang='lat' dir='ltr'><strong>de</strong></span> <span class='ocrx_word' id='word_1_250' title='bbox 953 2709 990 2751; x_wconf 92' lang='lat' dir='ltr'><strong>eo</strong></span> <span class='ocrx_word' id='word_1_251' title='bbox 1006 2690 1091 2769; x_wconf 91' lang='lat' dir='ltr'><strong>quod</strong></span> <span class='ocrx_word' id='word_1_252' title='bbox 1106 2688 1196 2764; x_wconf 85' lang='lat' dir='ltr'><strong>dicis,</strong></span> <span class='ocrx_word' id='word_1_253' title='bbox 1213 2688 1288 2748; x_wconf 79' lang='lat' dir='ltr'><strong>done</strong></span> 
     </span>
     <span class='ocr_line' id='line_1_24' title="bbox 149 2790 1288 2877; baseline -0.006 -21"><span class='ocrx_word' id='word_1_254' title='bbox 149 2792 247 2856; x_wconf 82' lang='lat' dir='ltr'><strong>seiam</strong></span> <span class='ocrx_word' id='word_1_255' title='bbox 268 2812 347 2852; x_wconf 89' lang='lat' dir='ltr'><strong>num</strong></span> <span class='ocrx_word' id='word_1_256' title='bbox 367 2790 486 2875; x_wconf 85' lang='lat' dir='ltr'><strong>possim</strong></span> <span class='ocrx_word' id='word_1_257' title='bbox 507 2791 592 2872; x_wconf 91' lang='lat' dir='ltr'><strong>quod</strong></span> <span class='ocrx_word' id='word_1_258' title='bbox 601 2791 695 2873; x_wconf 85' lang='lat' dir='ltr'><strong>juvat</strong></span> <span class='ocrx_word' id='word_1_259' title='bbox 709 2795 778 2873; x_wconf 86' lang='lat' dir='ltr'><strong>vos)</strong></span> <span class='ocrx_word' id='word_1_260' title='bbox 795 2793 883 2855; x_wconf 86' lang='lat' dir='ltr'><strong>Mab.</strong></span> <span class='ocrx_word' id='word_1_261' title='bbox 905 2800 933 2868; x_wconf 87' lang='lat'><strong>1,</strong></span> <span class='ocrx_word' id='word_1_262' title='bbox 954 2798 1026 2854; x_wconf 80' lang='grc'><strong>253.</strong></span> <span class='ocrx_word' id='word_1_263' title='bbox 1052 2815 1095 2877; x_wconf 74' lang='lat' dir='ltr'><strong>ny</strong></span> <span class='ocrx_word' id='word_1_264' title='bbox 1112 2792 1288 2876; x_wconf 78' lang='lat' dir='ltr'><strong>chelas(non</strong></span> 
     </span>
     <span class='ocr_line' id='line_1_25' title="bbox 150 2894 1289 2980; baseline -0.006 -20"><span class='ocrx_word' id='word_1_265' title='bbox 150 2897 271 2977; x_wconf 87' lang='lat' dir='ltr'><strong>celabo)</strong></span> <span class='ocrx_word' id='word_1_266' title='bbox 290 2903 318 2972; x_wconf 90' lang='lat'><strong>1,</strong></span> <span class='ocrx_word' id='word_1_267' title='bbox 335 2900 407 2956; x_wconf 87' lang='grc'><strong>276.</strong></span> <span class='ocrx_word' id='word_1_268' title='bbox 430 2918 473 2979; x_wconf 82' lang='lat' dir='ltr'><strong>ny</strong></span> <span class='ocrx_word' id='word_1_269' title='bbox 488 2895 597 2957; x_wconf 78' lang='lat' dir='ltr'><strong>weluia</strong></span> <span class='ocrx_word' id='word_1_270' title='bbox 613 2895 731 2979; x_wconf 80' lang='lat' dir='ltr'><strong>eiryoet</strong></span> <span class='ocrx_word' id='word_1_271' title='bbox 745 2900 825 2977; x_wconf 87' lang='lat' dir='ltr'><strong>&lt;non</strong></span> <span class='ocrx_word' id='word_1_272' title='bbox 840 2897 919 2960; x_wconf 80' lang='lat' dir='ltr'><strong>vidit</strong></span> <span class='ocrx_word' id='word_1_273' title='bbox 934 2901 1102 2979; x_wconf 81' lang='lat' dir='ltr'><strong>unquam),</strong></span> <span class='ocrx_word' id='word_1_274' title='bbox 1127 2919 1171 2980; x_wconf 80' lang='lat' dir='ltr'><strong>ny</strong></span> <span class='ocrx_word' id='word_1_275' title='bbox 1185 2894 1289 2959; x_wconf 69' lang='lat' dir='ltr'><strong>aetra</strong></span> 
     </span>
     <span class='ocr_line' id='line_1_26' title="bbox 150 2993 1289 3085; baseline -0.007 -20"><span class='ocrx_word' id='word_1_276' title='bbox 150 3003 216 3065; x_wconf 82' lang='lat' dir='ltr'><strong>dim</strong></span> <span class='ocrx_word' id='word_1_277' title='bbox 232 3006 311 3081; x_wconf 82' lang='lat' dir='ltr'><strong>(non</strong></span> <span class='ocrx_word' id='word_1_278' title='bbox 333 2998 481 3061; x_wconf 88' lang='lat' dir='ltr'><strong>viderunt</strong></span> <span class='ocrx_word' id='word_1_279' title='bbox 502 2999 647 3082; x_wconf 86' lang='lat' dir='ltr'><strong>aliquid),</strong></span> <span class='ocrx_word' id='word_1_280' title='bbox 673 3000 790 3063; x_wconf 76' lang='lat' dir='ltr'><strong>adilteu</strong></span> <span class='ocrx_word' id='word_1_281' title='bbox 811 3003 871 3064; x_wconf 80' lang='lat' dir='ltr'><strong>aad</strong></span> <span class='ocrx_word' id='word_1_282' title='bbox 885 3025 950 3085; x_wconf 71' lang='lat' dir='ltr'><strong>pun</strong></span> <span class='ocrx_word' id='word_1_283' title='bbox 966 3001 1077 3065; x_wconf 67' lang='lat' dir='ltr'><strong>oweia</strong></span> <span class='ocrx_word' id='word_1_284' title='bbox 1095 3024 1140 3064; x_wconf 78' lang='lat' dir='ltr'><strong>aa</strong></span> <span class='ocrx_word' id='word_1_285' title='bbox 1154 2998 1251 3063; x_wconf 79' lang='lat' dir='ltr'><strong>welsei</strong></span> <span class='ocrx_word' id='word_1_286' title='bbox 1261 2993 1289 3057; x_wconf 84' lang='lat' dir='ltr'><strong>ei·</strong></span> 
     </span>
     <span class='ocr_line' id='line_1_27' title="bbox 149 3105 1289 3191; baseline -0.006 -22"><span class='ocrx_word' id='word_1_287' title='bbox 149 3117 238 3191; x_wconf 83' lang='lat' dir='ltr'><strong>ryoet</strong></span> <span class='ocrx_word' id='word_1_288' title='bbox 259 3109 305 3187; x_wconf 90' lang='lat' dir='ltr'><strong>(et</strong></span> <span class='ocrx_word' id='word_1_289' title='bbox 319 3124 505 3188; x_wconf 87' lang='lat' dir='ltr'><strong>persuasum</strong></span> <span class='ocrx_word' id='word_1_290' title='bbox 527 3115 594 3166; x_wconf 88' lang='lat' dir='ltr'><strong>erat</strong></span> <span class='ocrx_word' id='word_1_291' title='bbox 609 3105 664 3180; x_wconf 86' lang='lat' dir='ltr'><strong>O.,</strong></span> <span class='ocrx_word' id='word_1_292' title='bbox 690 3107 775 3186; x_wconf 92' lang='lat' dir='ltr'><strong>quod</strong></span> <span class='ocrx_word' id='word_1_293' title='bbox 797 3127 862 3167; x_wconf 91' lang='lat' dir='ltr'><strong>non</strong></span> <span class='ocrx_word' id='word_1_294' title='bbox 885 3105 1015 3168; x_wconf 85' lang='lat' dir='ltr'><strong>vidisset</strong></span> <span class='ocrx_word' id='word_1_295' title='bbox 1036 3108 1194 3188; x_wconf 88' lang='lat' dir='ltr'><strong>unquam)</strong></span> <span class='ocrx_word' id='word_1_296' title='bbox 1211 3113 1236 3179; x_wconf 91' lang='grc'><strong>1,</strong></span> <span class='ocrx_word' id='word_1_297' title='bbox 1254 3107 1289 3162; x_wconf 81' lang='grc'><strong>11.</strong></span> 
     </span>
     <span class='ocr_line' id='line_1_28' title="bbox 143 3205 1291 3295; baseline -0.004 -21"><span class='ocrx_word' id='word_1_298' title='bbox 143 3233 232 3295; x_wconf 77' lang='lat' dir='ltr'><strong>pony</strong></span> <span class='ocrx_word' id='word_1_299' title='bbox 244 3213 353 3295; x_wconf 73' lang='lat' dir='ltr'><strong>uydut</strong></span> <span class='ocrx_word' id='word_1_300' title='bbox 364 3207 391 3271; x_wconf 77' lang='lat' dir='ltr'><strong>a·</strong></span> <span class='ocrx_word' id='word_1_301' title='bbox 398 3211 520 3287; x_wconf 91' lang='lat' dir='ltr'><strong>(aunon</strong></span> <span class='ocrx_word' id='word_1_302' title='bbox 532 3210 650 3272; x_wconf 85' lang='lat' dir='ltr'><strong>sciebas</strong></span> <span class='ocrx_word' id='word_1_303' title='bbox 659 3209 685 3290; x_wconf 74' lang='lat'><strong>3)</strong></span> <span class='ocrx_word' id='word_1_304' title='bbox 697 3217 725 3284; x_wconf 92' lang='lat'><strong>1,</strong></span> <span class='ocrx_word' id='word_1_305' title='bbox 738 3216 768 3270; x_wconf 84' lang='grc'><strong>9.</strong></span> <span class='ocrx_word' id='word_1_306' title='bbox 782 3209 847 3272; x_wconf 73' lang='lat' dir='ltr'><strong>lton</strong></span> <span class='ocrx_word' id='word_1_307' title='bbox 856 3211 1003 3294; x_wconf 71' lang='lat' dir='ltr'><strong>qudwn</strong></span> <span class='ocrx_word' id='word_1_308' title='bbox 1014 3233 1035 3292; x_wconf 91' lang='grc'><strong>9</strong></span> <span class='ocrx_word' id='word_1_309' title='bbox 1048 3210 1125 3273; x_wconf 84' lang='lat' dir='ltr'><strong>dout</strong></span> <span class='ocrx_word' id='word_1_310' title='bbox 1136 3211 1163 3272; x_wconf 82' lang='lat' dir='ltr'><strong>a·</strong></span> <span class='ocrx_word' id='word_1_311' title='bbox 1172 3231 1222 3294; x_wconf 79' lang='lat' dir='ltr'><strong>ym</strong></span> <span class='ocrx_word' id='word_1_312' title='bbox 1232 3205 1291 3269; x_wconf 64' lang='lat' dir='ltr'><strong>kat·</strong></span> 
     </span>
     <span class='ocr_line' id='line_1_29' title="bbox 150 3311 1292 3399; baseline -0.002 -24"><span class='ocrx_word' id='word_1_313' title='bbox 150 3337 216 3376; x_wconf 74' lang='lat' dir='ltr'><strong>aare</strong></span> <span class='ocrx_word' id='word_1_314' title='bbox 232 3319 320 3393; x_wconf 85' lang='lat' dir='ltr'><strong>(nam</strong></span> <span class='ocrx_word' id='word_1_315' title='bbox 341 3317 478 3378; x_wconf 87' lang='lat' dir='ltr'><strong>sciebam</strong></span> <span class='ocrx_word' id='word_1_316' title='bbox 498 3316 583 3399; x_wconf 90' lang='lat' dir='ltr'><strong>quod</strong></span> <span class='ocrx_word' id='word_1_317' title='bbox 604 3313 727 3376; x_wconf 83' lang='lat' dir='ltr'><strong>venires</strong></span> <span class='ocrx_word' id='word_1_318' title='bbox 747 3325 781 3376; x_wconf 90' lang='lat' dir='ltr'><strong>tu</strong></span> <span class='ocrx_word' id='word_1_319' title='bbox 796 3336 848 3379; x_wconf 88' lang='lat' dir='ltr'><strong>me</strong></span> <span class='ocrx_word' id='word_1_320' title='bbox 863 3314 1057 3396; x_wconf 84' lang='lat' dir='ltr'><strong>quaesitum)</strong></span> <span class='ocrx_word' id='word_1_321' title='bbox 1077 3322 1105 3389; x_wconf 93' lang='grc'><strong>1,</strong></span> <span class='ocrx_word' id='word_1_322' title='bbox 1126 3320 1179 3376; x_wconf 84' lang='grc'><strong>25.</strong></span> <span class='ocrx_word' id='word_1_323' title='bbox 1194 3311 1248 3395; x_wconf 75' lang='lat' dir='ltr'><strong>pei</strong></span> <span class='ocrx_word' id='word_1_324' title='bbox 1258 3329 1292 3372; x_wconf 74' lang='lat' dir='ltr'><strong>ro</strong></span> 
     </span>
     <span class='ocr_line' id='line_1_30' title="bbox 152 3408 1295 3500; baseline 0 -21"><span class='ocrx_word' id='word_1_325' title='bbox 152 3419 209 3479; x_wconf 82' lang='lat' dir='ltr'><strong>dut</strong></span> <span class='ocrx_word' id='word_1_326' title='bbox 230 3418 256 3479; x_wconf 83' lang='lat' dir='ltr'><strong>a·</strong></span> <span class='ocrx_word' id='word_1_327' title='bbox 277 3465 283 3478; x_wconf 92' lang='lat'>.</span> <span class='ocrx_word' id='word_1_328' title='bbox 305 3465 311 3478; x_wconf 93' lang='lat'><em>.</em></span> <span class='ocrx_word' id='word_1_329' title='bbox 333 3466 340 3480; x_wconf 86' lang='lat'><strong>.</strong></span> <span class='ocrx_word' id='word_1_330' title='bbox 365 3419 412 3481; x_wconf 77' lang='lat' dir='ltr'><strong>mi</strong></span> <span class='ocrx_word' id='word_1_331' title='bbox 432 3443 453 3482; x_wconf 83' lang='lat' dir='ltr'><strong>a</strong></span> <span class='ocrx_word' id='word_1_332' title='bbox 474 3423 584 3483; x_wconf 76' lang='lat' dir='ltr'><strong>rodun</strong></span> <span class='ocrx_word' id='word_1_333' title='bbox 605 3419 646 3499; x_wconf 88' lang='lat' dir='ltr'><strong>(si</strong></span> <span class='ocrx_word' id='word_1_334' title='bbox 668 3429 703 3480; x_wconf 92' lang='lat' dir='ltr'><strong>tu</strong></span> <span class='ocrx_word' id='word_1_335' title='bbox 724 3419 824 3493; x_wconf 78' lang='lat' dir='ltr'><strong>dorca,</strong></span> <span class='ocrx_word' id='word_1_336' title='bbox 846 3466 852 3480; x_wconf 92' lang='lat'>.</span> <span class='ocrx_word' id='word_1_337' title='bbox 874 3466 881 3480; x_wconf 92' lang='lat'><strong>.</strong></span> <span class='ocrx_word' id='word_1_338' title='bbox 907 3420 1015 3480; x_wconf 85' lang='lat' dir='ltr'><strong>darem</strong></span> <span class='ocrx_word' id='word_1_339' title='bbox 1028 3423 1102 3500; x_wconf 86' lang='lat' dir='ltr'><strong>ego)</strong></span> <span class='ocrx_word' id='word_1_340' title='bbox 1122 3426 1151 3495; x_wconf 90' lang='lat'><strong>1,</strong></span> <span class='ocrx_word' id='word_1_341' title='bbox 1171 3423 1238 3479; x_wconf 89' lang='grc'><strong>273.</strong></span> <span class='ocrx_word' id='word_1_342' title='bbox 1254 3408 1295 3496; x_wconf 70' lang='lat' dir='ltr'><strong>pti</strong></span> 
     </span>
     <span class='ocr_line' id='line_1_31' title="bbox 151 3520 1295 3607; baseline 0.003 -26"><span class='ocrx_word' id='word_1_343' title='bbox 151 3520 273 3602; x_wconf 80' lang='lat' dir='ltr'><strong>kaffwa</strong></span> <span class='ocrx_word' id='word_1_344' title='bbox 298 3567 305 3581; x_wconf 91' lang='lat'>.</span> <span class='ocrx_word' id='word_1_345' title='bbox 327 3568 333 3581; x_wconf 89' lang='lat'>.</span> <span class='ocrx_word' id='word_1_346' title='bbox 355 3568 361 3582; x_wconf 94' lang='lat'>.</span> <span class='ocrx_word' id='word_1_347' title='bbox 391 3546 412 3605; x_wconf 90' lang='grc'><strong>9</strong></span> <span class='ocrx_word' id='word_1_348' title='bbox 432 3526 577 3607; x_wconf 76' lang='lat' dir='ltr'><strong>qudwn</strong></span> <span class='ocrx_word' id='word_1_349' title='bbox 601 3524 643 3605; x_wconf 86' lang='lat' dir='ltr'><strong>(si</strong></span> <span class='ocrx_word' id='word_1_350' title='bbox 668 3544 841 3598; x_wconf 86' lang='lat' dir='ltr'><strong>sumerem,</strong></span> <span class='ocrx_word' id='word_1_351' title='bbox 868 3570 875 3583; x_wconf 94' lang='lat'><strong>.</strong></span> <span class='ocrx_word' id='word_1_352' title='bbox 897 3571 903 3584; x_wconf 93' lang='lat'><em>.</em></span> <span class='ocrx_word' id='word_1_353' title='bbox 928 3522 1054 3604; x_wconf 80' lang='lat' dir='ltr'><strong>scirem)</strong></span> <span class='ocrx_word' id='word_1_354' title='bbox 1063 3570 1074 3599; x_wconf 90' lang='lat'><strong><em>,</em></strong></span> <span class='ocrx_word' id='word_1_355' title='bbox 1096 3522 1159 3604; x_wconf 78' lang='lat' dir='ltr'><strong>pei</strong></span> <span class='ocrx_word' id='word_1_356' title='bbox 1173 3536 1295 3606; x_wconf 72' lang='lat' dir='ltr'><strong>quyptct</strong></span> 
     </span>
     <span class='ocr_line' id='line_1_32' title="bbox 153 3621 1295 3708; baseline -0.003 -23"><span class='ocrx_word' id='word_1_357' title='bbox 153 3672 160 3685; x_wconf 89' lang='lat'><em>.</em></span> <span class='ocrx_word' id='word_1_358' title='bbox 178 3671 185 3685; x_wconf 93' lang='lat'><strong>.</strong></span> <span class='ocrx_word' id='word_1_359' title='bbox 204 3671 211 3685; x_wconf 93' lang='lat'><strong>.</strong></span> <span class='ocrx_word' id='word_1_360' title='bbox 229 3623 275 3685; x_wconf 80' lang='lat' dir='ltr'><strong>mi</strong></span> <span class='ocrx_word' id='word_1_361' title='bbox 288 3646 308 3684; x_wconf 88' lang='lat' dir='ltr'><strong>a</strong></span> <span class='ocrx_word' id='word_1_362' title='bbox 322 3625 528 3708; x_wconf 77' lang='lat' dir='ltr'><strong>ymdidunwn</strong></span> <span class='ocrx_word' id='word_1_363' title='bbox 545 3629 585 3708; x_wconf 87' lang='lat' dir='ltr'><strong>(si</strong></span> <span class='ocrx_word' id='word_1_364' title='bbox 600 3629 723 3704; x_wconf 85' lang='lat' dir='ltr'><strong>scirem,</strong></span> <span class='ocrx_word' id='word_1_365' title='bbox 740 3630 914 3707; x_wconf 85' lang='lat' dir='ltr'><strong>narrarem)</strong></span> <span class='ocrx_word' id='word_1_366' title='bbox 932 3634 960 3702; x_wconf 95' lang='grc'><strong>1,</strong></span> <span class='ocrx_word' id='word_1_367' title='bbox 976 3632 1050 3688; x_wconf 85' lang='grc'><strong>247.</strong></span> <span class='ocrx_word' id='word_1_368' title='bbox 1067 3632 1141 3688; x_wconf 83' lang='grc'><strong>260.</strong></span> <span class='ocrx_word' id='word_1_369' title='bbox 1152 3648 1222 3708; x_wconf 78' lang='lat' dir='ltr'><strong>pon</strong></span> <span class='ocrx_word' id='word_1_370' title='bbox 1232 3621 1295 3707; x_wconf 71' lang='lat' dir='ltr'><strong>peit-</strong></span> 
     </span>
     <span class='ocr_line' id='line_1_33' title="bbox 150 3726 1296 3814; baseline -0.004 -24"><span class='ocrx_word' id='word_1_371' title='bbox 150 3726 227 3811; x_wconf 67' lang='grc'><strong>1901</strong></span> <span class='ocrx_word' id='word_1_372' title='bbox 242 3727 279 3791; x_wconf 79' lang='lat' dir='ltr'><strong>di</strong></span> <span class='ocrx_word' id='word_1_373' title='bbox 291 3728 367 3812; x_wconf 75' lang='lat' dir='ltr'><strong>oyui</strong></span> <span class='ocrx_word' id='word_1_374' title='bbox 380 3729 447 3793; x_wconf 76' lang='lat' dir='ltr'><strong>ker&#39;e</strong></span> <span class='ocrx_word' id='word_1_375' title='bbox 455 3733 557 3812; x_wconf 78' lang='lat' dir='ltr'><strong>parth</strong></span> <span class='ocrx_word' id='word_1_376' title='bbox 573 3755 611 3794; x_wconf 88' lang='lat' dir='ltr'><strong>ar</strong></span> <span class='ocrx_word' id='word_1_377' title='bbox 626 3733 717 3795; x_wconf 78' lang='lat' dir='ltr'><strong>india</strong></span> <span class='ocrx_word' id='word_1_378' title='bbox 729 3731 770 3812; x_wconf 86' lang='lat' dir='ltr'><strong>(si</strong></span> <span class='ocrx_word' id='word_1_379' title='bbox 785 3731 975 3813; x_wconf 85' lang='lat' dir='ltr'><strong>quaesiveris</strong></span> <span class='ocrx_word' id='word_1_380' title='bbox 992 3741 1028 3792; x_wconf 93' lang='lat' dir='ltr'><strong>tu</strong></span> <span class='ocrx_word' id='word_1_381' title='bbox 1042 3753 1106 3807; x_wconf 90' lang='lat' dir='ltr'><strong>me,</strong></span> <span class='ocrx_word' id='word_1_382' title='bbox 1122 3751 1235 3814; x_wconf 87' lang='lat' dir='ltr'><strong>quaere</strong></span> <span class='ocrx_word' id='word_1_383' title='bbox 1247 3746 1296 3787; x_wconf 83' lang='lat' dir='ltr'><strong>ver·</strong></span> 
     </span>
     <span class='ocr_line' id='line_1_34' title="bbox 151 3829 1296 3920; baseline -0.002 -26"><span class='ocrx_word' id='word_1_384' title='bbox 151 3853 204 3895; x_wconf 87' lang='lat' dir='ltr'><strong>sus</strong></span> <span class='ocrx_word' id='word_1_385' title='bbox 221 3833 360 3914; x_wconf 88' lang='lat' dir='ltr'><strong>Indiam)</strong></span> <span class='ocrx_word' id='word_1_386' title='bbox 377 3840 404 3909; x_wconf 92' lang='grc'><strong>1,</strong></span> <span class='ocrx_word' id='word_1_387' title='bbox 421 3839 458 3894; x_wconf 94' lang='grc'><strong>27</strong></span> <span class='ocrx_word' id='word_1_388' title='bbox 464 3842 493 3897; x_wconf 90' lang='grc'><strong>3.</strong></span> <span class='ocrx_word' id='word_1_389' title='bbox 512 3835 618 3917; x_wconf 78' lang='lat' dir='ltr'><strong>aphau</strong></span> <span class='ocrx_word' id='word_1_390' title='bbox 634 3835 858 3918; x_wconf 78' lang='lat' dir='ltr'><strong>hambreyllont</strong></span> <span class='ocrx_word' id='word_1_391' title='bbox 872 3834 943 3918; x_wconf 75' lang='lat' dir='ltr'><strong>Itwy</strong></span> <span class='ocrx_word' id='word_1_392' title='bbox 957 3859 978 3918; x_wconf 93' lang='grc'><strong>9</strong></span> <span class='ocrx_word' id='word_1_393' title='bbox 993 3837 1115 3899; x_wconf 83' lang='lat' dir='ltr'><strong>deuant</strong></span> <span class='ocrx_word' id='word_1_394' title='bbox 1128 3829 1296 3920; x_wconf 69' lang='grc'><strong>9111991111</strong></span> 
     </span>
     <span class='ocr_line' id='line_1_35' title="bbox 153 3934 1296 4022; baseline -0.001 -25"><span class='ocrx_word' id='word_1_395' title='bbox 153 3936 189 3998; x_wconf 81' lang='lat' dir='ltr'><strong>di</strong></span> <span class='ocrx_word' id='word_1_396' title='bbox 203 3939 249 4016; x_wconf 87' lang='lat' dir='ltr'><strong>(et</strong></span> <span class='ocrx_word' id='word_1_397' title='bbox 264 3958 337 3998; x_wconf 83' lang='lat' dir='ltr'><strong>cum</strong></span> <span class='ocrx_word' id='word_1_398' title='bbox 352 3939 581 4015; x_wconf 85' lang='lat' dir='ltr'><strong>consuluerint,</strong></span> <span class='ocrx_word' id='word_1_399' title='bbox 596 3939 724 4001; x_wconf 85' lang='lat' dir='ltr'><strong>venient</strong></span> <span class='ocrx_word' id='word_1_400' title='bbox 737 3949 767 4000; x_wconf 88' lang='lat' dir='ltr'><strong>te</strong></span> <span class='ocrx_word' id='word_1_401' title='bbox 779 3939 970 4020; x_wconf 86' lang='lat' dir='ltr'><strong>quaesitum)</strong></span> <span class='ocrx_word' id='word_1_402' title='bbox 988 3947 1015 4014; x_wconf 94' lang='grc'><strong>1,</strong></span> <span class='ocrx_word' id='word_1_403' title='bbox 1033 3947 1084 4001; x_wconf 87' lang='grc'><strong>14.</strong></span> <span class='ocrx_word' id='word_1_404' title='bbox 1103 3939 1211 4022; x_wconf 76' lang='lat' dir='ltr'><strong>aphau</strong></span> <span class='ocrx_word' id='word_1_405' title='bbox 1222 3934 1296 3998; x_wconf 76' lang='lat' dir='ltr'><strong>aeas</strong></span> 
     </span>
     <span class='ocr_line' id='line_1_36' title="bbox 151 4039 1296 4126; baseline -0.003 -24"><span class='ocrx_word' id='word_1_406' title='bbox 151 4039 196 4122; x_wconf 87' lang='lat' dir='ltr'><strong>ef.</strong></span> <span class='ocrx_word' id='word_1_407' title='bbox 215 4040 322 4121; x_wconf 80' lang='lat' dir='ltr'><strong>aplran</strong></span> <span class='ocrx_word' id='word_1_408' title='bbox 342 4043 534 4126; x_wconf 77' lang='lat' dir='ltr'><strong>edryelsawd</strong></span> <span class='ocrx_word' id='word_1_409' title='bbox 547 4046 593 4123; x_wconf 87' lang='lat' dir='ltr'><strong>(et</strong></span> <span class='ocrx_word' id='word_1_410' title='bbox 615 4064 688 4104; x_wconf 90' lang='lat' dir='ltr'><strong>cum</strong></span> <span class='ocrx_word' id='word_1_411' title='bbox 703 4043 797 4124; x_wconf 82' lang='lat' dir='ltr'><strong>vidit)</strong></span> <span class='ocrx_word' id='word_1_412' title='bbox 817 4052 844 4118; x_wconf 89' lang='lat'><strong>1,</strong></span> <span class='ocrx_word' id='word_1_413' title='bbox 866 4051 915 4104; x_wconf 89' lang='lat'><strong>11.</strong></span> <span class='ocrx_word' id='word_1_414' title='bbox 938 4049 987 4103; x_wconf 92' lang='grc'><strong>13.</strong></span> <span class='ocrx_word' id='word_1_415' title='bbox 1006 4042 1065 4105; x_wconf 74' lang='lat' dir='ltr'><strong>ahi</strong></span> <span class='ocrx_word' id='word_1_416' title='bbox 1077 4066 1145 4106; x_wconf 81' lang='lat' dir='ltr'><strong>auu</strong></span> <span class='ocrx_word' id='word_1_417' title='bbox 1159 4040 1248 4105; x_wconf 73' lang='lat' dir='ltr'><strong>toreio</strong></span> <span class='ocrx_word' id='word_1_418' title='bbox 1260 4047 1296 4100; x_wconf 77' lang='lat' dir='ltr'><strong>tra</strong></span> 
     </span>
     <span class='ocr_line' id='line_1_37' title="bbox 151 4145 1296 4230; baseline 0 -25"><span class='ocrx_word' id='word_1_419' title='bbox 151 4163 195 4205; x_wconf 83' lang='lat' dir='ltr'><strong>uu</strong></span> <span class='ocrx_word' id='word_1_420' title='bbox 214 4164 282 4226; x_wconf 78' lang='lat' dir='ltr'><strong>oyw</strong></span> <span class='ocrx_word' id='word_1_421' title='bbox 304 4145 340 4207; x_wconf 76' lang='lat' dir='ltr'><strong>la·</strong></span> <span class='ocrx_word' id='word_1_422' title='bbox 354 4147 400 4223; x_wconf 84' lang='lat' dir='ltr'><strong>(et</strong></span> <span class='ocrx_word' id='word_1_423' title='bbox 421 4146 490 4227; x_wconf 87' lang='lat' dir='ltr'><strong>ipsa</strong></span> <span class='ocrx_word' id='word_1_424' title='bbox 511 4146 572 4208; x_wconf 89' lang='lat' dir='ltr'><strong>fuit</strong></span> <span class='ocrx_word' id='word_1_425' title='bbox 593 4147 660 4227; x_wconf 89' lang='lat' dir='ltr'><strong>ejus</strong></span> <span class='ocrx_word' id='word_1_426' title='bbox 683 4168 763 4208; x_wconf 83' lang='lat' dir='ltr'><strong>uxor</strong></span> <span class='ocrx_word' id='word_1_427' title='bbox 785 4146 937 4228; x_wconf 90' lang='lat' dir='ltr'><strong>quamdiu</strong></span> <span class='ocrx_word' id='word_1_428' title='bbox 951 4146 1014 4209; x_wconf 84' lang='lat' dir='ltr'><strong>suit</strong></span> <span class='ocrx_word' id='word_1_429' title='bbox 1028 4147 1127 4229; x_wconf 82' lang='lat' dir='ltr'><strong>viva),</strong></span> <span class='ocrx_word' id='word_1_430' title='bbox 1145 4158 1296 4230; x_wconf 70' lang='lat' dir='ltr'><strong>noypouy</strong></span> 
     </span>
     <span class='ocr_line' id='line_1_38' title="bbox 152 4247 1294 4335; baseline 0.004 -27"><span class='ocrx_word' id='word_1_431' title='bbox 152 4268 224 4309; x_wconf 83' lang='lat' dir='ltr'><strong>mur</strong></span> <span class='ocrx_word' id='word_1_432' title='bbox 247 4269 343 4310; x_wconf 81' lang='lat' dir='ltr'><strong>aerae</strong></span> <span class='ocrx_word' id='word_1_433' title='bbox 357 4272 378 4332; x_wconf 83' lang='lat' dir='ltr'><em>y</em></span> <span class='ocrx_word' id='word_1_434' title='bbox 395 4250 464 4311; x_wconf 82' lang='lat' dir='ltr'><strong>llew</strong></span> <span class='ocrx_word' id='word_1_435' title='bbox 478 4273 543 4334; x_wconf 72' lang='lat' dir='ltr'><strong>pay</strong></span> <span class='ocrx_word' id='word_1_436' title='bbox 556 4273 658 4333; x_wconf 75' lang='lat' dir='ltr'><strong>qouaa</strong></span> <span class='ocrx_word' id='word_1_437' title='bbox 665 4251 764 4334; x_wconf 81' lang='lat' dir='ltr'><strong>fford</strong></span> <span class='ocrx_word' id='word_1_438' title='bbox 776 4253 865 4315; x_wconf 65' lang='lat' dir='ltr'><strong>allam</strong></span> <span class='ocrx_word' id='word_1_439' title='bbox 882 4256 1098 4335; x_wconf 85' lang='lat' dir='ltr'><strong>(perrumpere</strong></span> <span class='ocrx_word' id='word_1_440' title='bbox 1112 4271 1236 4315; x_wconf 90' lang='lat' dir='ltr'><strong>murum</strong></span> <span class='ocrx_word' id='word_1_441' title='bbox 1250 4247 1294 4313; x_wconf 66' lang='lat'><strong>10⁰,</strong></span> 
     </span>
     <span class='ocr_line' id='line_1_39' title="bbox 151 4351 678 4433; baseline 0.008 -23"><span class='ocrx_word' id='word_1_442' title='bbox 151 4351 251 4412; x_wconf 85' lang='lat' dir='ltr'><strong>donee</strong></span> <span class='ocrx_word' id='word_1_443' title='bbox 266 4352 349 4433; x_wconf 79' lang='lat' dir='ltr'><strong>cepit</strong></span> <span class='ocrx_word' id='word_1_444' title='bbox 365 4351 448 4413; x_wconf 88' lang='lat' dir='ltr'><strong>viam</strong></span> <span class='ocrx_word' id='word_1_445' title='bbox 464 4352 559 4433; x_wconf 84' lang='lat' dir='ltr'><strong>foras)</strong></span> <span class='ocrx_word' id='word_1_446' title='bbox 579 4360 606 4428; x_wconf 91' lang='grc'><strong>1,</strong></span> <span class='ocrx_word' id='word_1_447' title='bbox 627 4361 678 4414; x_wconf 89' lang='grc'><strong>36.</strong></span> 
     </span>
    </p>
   </div>
   <div class='ocr_carea' id='block_1_3' title="bbox 0 0 1474 4980">
    <p class='ocr_par' dir='ltr' id='par_1_4' title="bbox 0 0 1474 4980">
     <span class='ocr_line' id='line_1_40' title="bbox 0 0 1474 4980; baseline 0 0"><span class='ocrx_word' id='word_1_448' title='bbox 0 0 1474 4980; x_wconf 95' lang='lat' dir='ltr'><strong> </strong></span> 
     </span>
    </p>
   </div>
  </div>
 </body>
</html>
