2896 4980
346 315 376 389 I.
405 332 433 386 1.
479 344 648 388 consonas
664 341 871 385 manmena
885 341 1025 385 rences.
1227 319 1267 380 87

147 506 228 556 exstat.
252 493 409 557 Tenuium
424 491 597 554 infectio
616 490 772 553 nasalis
787 490 822 552 in
837 489 1026 572 quibusdam
1041 487 1170 550 vocibus
1184 509 1267 550 cam-

148 598 212 661 bisis
224 610 340 661 tantum
362 596 514 672 occurrit3
538 619 558 659 a
573 596 684 678 lingua
699 594 877 669 hibemica‚
902 607 967 657 tum
981 604 1085 655 vetere
1103 614 1199 674 quam
1220 613 1267 654 re-

148 716 222 778 erte,
236 703 336 765 aliena
350 713 414 777 est,
435 701 470 763 in
484 722 547 782 qua
562 700 681 762 scilieet
695 699 816 761 destrui
831 698 911 761 solet
926 698 1046 779 liquida
1061 697 1178 761 nasalis
1193 707 1267 760 aute

148 820 239 882 enon,
262 820 326 870 tam
355 806 390 868 in
419 805 523 868 medio
548 826 663 867 vocum
686 825 783 885 quam
804 803 839 864 in
853 805 936 878 fine,
959 803 1114 886 siquidem
1136 824 1198 865 vox
1220 823 1265 864 se·

146 931 214 989 quem
231 934 248 974 a
267 911 355 974 tenui
378 909 517 985 inchoat,
535 909 570 970 in
592 908 833 991 pronominibus
853 920 886 971 et
900 907 1062 990 particulis
1078 906 1267 989 quibusdam

146 1015 177 1094 o·
190 1019 321 1098 ⁵2⁸m·)·

202 1121 265 1183 lns
266 1119 373 1183 ectio
395 1118 630 1184 destituens
651 1116 797 1181 tenuium
812 1128 860 1180 est
874 1118 1055 1180 recentioris
1070 1117 1267 1180 solummodo

143 1220 235 1304 linguae
253 1224 450 1300 bibemicae,
477 1235 514 1285 ut
533 1221 746 1298 britannicae,
771 1243 835 1304 qua
855 1221 974 1284 scilicet
998 1233 1108 1284 tenues
1124 1223 1163 1297 P,
1182 1222 1221 1296 T,
1239 1222 1265 1283 C

143 1325 310 1391 debilitantur
325 1328 360 1390 in
374 1328 494 1391 medias
509 1329 548 1403 Β,
566 1328 609 1402 D,
628 1328 671 1389 G.
703 1326 839 1390 Insectio
854 1327 931 1389 haec
946 1327 1132 1402 destituens,
1150 1327 1190 1389 de
1204 1348 1267 1408 qua

142 1427 176 1491 hie
190 1445 213 1494 et
231 1433 265 1495 in
285 1444 437 1515 sequente
451 1432 554 1514 capite
569 1432 740 1494 dicendum
754 1433 794 1493 ad
809 1432 1075 1513 comparationem
1090 1430 1267 1493 faciendam

141 1554 190 1598 eum
200 1537 362 1601 infectione
377 1537 569 1600 destituente
584 1535 773 1611 britannica,
794 1536 977 1617 praesertim
993 1535 1166 1611 cambrica,
1184 1535 1267 1599 infra

141 1653 272 1720 aduente,
290 1640 413 1704 obtinet
434 1640 469 1702 in
483 1638 594 1723 lingim
609 1639 772 1703 hibernica
785 1641 957 1705 recentiore
971 1654 1004 1704 et
1017 1640 1137 1722 gaclica
1152 1640 1186 1701 in
1201 1662 1265 1703 ma-

137 1739 182 1820 jore
192 1758 270 1827 parte
284 1767 395 1808 earum
409 1767 533 1821 vocum,
556 1767 637 1828 quae
652 1755 772 1808 statum
787 1746 903 1808 durum
919 1746 1065 1810 tenuium
1079 1745 1218 1808 retinent
1232 1744 1265 1807 in

140 1858 231 1913 vetusta
243 1849 366 1931 lingua.
399 1851 494 1917 Quod
508 1852 561 1913 fit:

200 1962 224 2016 1.
254 1955 294 2016 In
320 1952 412 2016 initio
437 1974 551 2015 vocum
575 1965 648 2036 post
668 1954 857 2035 pronomina
876 1966 909 2017 et
929 1955 1119 2037 particulas,
1143 1977 1224 2037 quae
1244 1977 1265 2017 n

138 2055 268 2121 trientem
286 2068 443 2139 resputmt
464 2068 538 2120 ante
555 2069 677 2133 tenues,
699 2080 718 2120 a
733 2059 848 2141 quibus
865 2058 1017 2120 inchoant
1032 2070 1271 2149 sequentesv01

138 2180 179 2223 ces.
202 2163 297 2227 Plura
316 2163 356 2223 dc
377 2162 436 2225 hec
459 2161 646 2236 infectione,
667 2161 718 2225 vel
741 2162 869 2244 eclipsi,
894 2163 922 2225 si
942 2163 1063 2225 utimur
1083 2163 1265 2226 denomina-

139 2262 195 2328 tione
205 2266 480 2349 grammaticorum
494 2265 739 2343 hibernicarum,
761 2266 954 2330 destituente
969 2267 1051 2329 infra
1066 2267 1099 2328 in
1115 2277 1266 2349 sequente

138 2368 219 2449 cpite.

194 2480 221 2537 2.
243 2477 285 2537 In
299 2475 404 2539 medio
419 2486 452 2540 et
466 2477 530 2539 fine
545 2497 670 2539 vocum.
691 2479 725 2556 a)
741 2477 782 2538 In
797 2476 965 2560 positione,
979 2477 1013 2539 in
1026 2474 1265 2539 combinationi·

138 2573 175 2637 bs
186 2580 298 2643 scilicet
312 2602 362 2660 φ,
376 2602 425 2660 sp,
439 2589 479 2656 st,
492 2602 537 2657 sc,
552 2592 584 2643 et
599 2602 672 2643 curn
683 2581 800 2662 majore
816 2582 944 2663 quidem
959 2582 1079 2665 aliquid
1094 2581 1215 2645 ambitu
1231 2582 1265 2644 in

138 2675 214 2761 lugon
227 2684 360 2767 gaelica,
378 2707 473 2766 quam
488 2684 665 2747 hibernica:
688 2684 813 2747 hibern.
830 2686 912 2767 geel.
931 2688 1052 2748 corbaal
1066 2691 1123 2766 (τε
1136 2708 1269 2768 serpen.

138 2790 194 2860 bun
215 2800 277 2850 vet.
303 2787 427 2850 hibern.
446 2798 559 2869 carpat
578 2788 612 2851 in
633 2788 774 2850 Glossar.
793 2790 899 2852 Corm.
923 2812 975 2872 ap.
994 2790 1118 2854 O'Don.
1137 2812 1170 2872 p.
1194 2798 1263 2864 151,

137 2904 201 2964 quam
221 2904 328 2955 tamen
350 2913 459 2953 vocem
481 2914 521 2954 ex
541 2894 652 2955 eodem
673 2892 741 2957 loco
763 2893 976 2960 idemscribit
991 2896 1102 2958 curbat
1121 2917 1154 2977 p.
1175 2900 1262 2976 259).

137 2985 225 3058 bbem.
240 2996 362 3078 easdeq,
376 2996 458 3076 gael.
473 2996 601 3079 eaebm'q
614 2997 809 3079 (episcopus;
824 3008 886 3059 vet.
902 3000 1037 3078 epscop).
1052 2998 1133 3078 gacl.
1153 2999 1269 3060 Oriosd

137 3093 280 3175 (Christum
299 3099 423 3160 hibern.
441 3111 504 3162 vet.
523 3103 633 3181 crist),
651 3101 775 3163 hibern.
794 3101 937 3163 hodiem.
961 3101 1081 3176 Otiosi,
1100 3101 1156 3162 sed
1171 3100 1265 3163 crios-

85 3200 87 3205 ’
135 3195 450 3291 middlehristianus).
465 3203 624 3267 disdeacdt
634 3206 775 3285 (auditus
783 3230 792 3279 ;
807 3216 869 3267 vet.
885 3204 1024 3285 etsechl).
1043 3204 1166 3266 hibern.
1181 3205 1262 3285 gael.

135 3298 180 3386 'laq
191 3309 322 3391 (piscis).
355 3307 488 3371 Obtinet
504 3318 611 3370 tamen
625 3309 721 3372 etiam
737 3332 810 3391 corp
827 3312 980 3391 (corpus),
995 3308 1169 3390 corpardhe
1186 3310 1265 3389 (cor-

134 3413 243 3495 ptrdis).
277 3414 360 3475 Tam
379 3411 499 3493 gaelice
521 3435 618 3495 quam
639 3413 800 3476 hibernico
821 3414 916 3476 etiam
939 3413 972 3474 in
995 3412 1087 3475 initio
1102 3434 1215 3476 vocum
1230 3436 1265 3496 sq

134 3505 214 3579 butu
228 3529 294 3592 est,
320 3539 348 3578 e.
366 3539 414 3598 gr.
432 3516 574 3598 sparadd
596 3518 765 3599 (separari3
790 3529 854 3580 vet.
872 3517 996 3580 hibern.
1013 3519 1160 3598 secred),
1179 3519 1270 3601 spdal

134 3621 267 3696 tuentius3
286 3633 403 3685 vetust.
420 3621 511 3700 aee'l),
525 3621 718 3702 syrabddaim
734 3622 866 3702 (scribo;
885 3634 948 3685 vet.
966 3623 1120 3704 scribier),
1135 3611 1190 3686 sed
1201 3645 1266 3685 ma·

132 3716 215 3804 titali,
231 3747 260 3787 e.
277 3747 326 3807 gr.
345 3726 478 3806 spiorad
491 3724 667 3807 (spiritus),
689 3748 784 3807 quam
799 3727 845 3801 ab,
864 3747 944 3808 quae
961 3737 1067 3788 tamen
1082 3737 1165 3789 utet
1180 3727 1221 3788 sd
1234 3727 1268 3790 in

133 3815 197 3889 ilitio
211 3828 371 3893 interdum
386 3829 532 3892 occurrit.
566 3829 766 3893 combinatio
782 3830 835 3893 ola
850 3828 969 3912 gaelica
984 3851 1107 3912 semper
1120 3831 1201 3905 sere,
1219 3831 1268 3893 hi-

133 3920 229 3995 blac
243 3933 346 3996 rarius
361 3945 410 3996 est
424 3933 503 3996 edd.-
520 3931 643 3995 hibern.
661 3936 781 4010 recolet,
799 3935 880 4016 guel.
899 3933 1018 3995 recald
1032 3934 1123 4013 (lex),
1141 3933 1265 3997 hibern.

133 4035 221 4113 mett,
233 4039 315 4121 geel.
327 4037 446 4101 seocdd
455 4039 617 4120 (septem),
632 4038 754 4101 hibern.
766 4038 963 4112 daoc'neaodt,
978 4036 1059 4118 gael.
1071 4035 1270 4099 daoineacld

136 4134 297 4223 (bombo)
306 4167 317 4218 ;
335 4153 479 4206 attamen
494 4141 591 4205 etiam
605 4142 781 4207 hibeniice:
801 4144 885 4209 acled
899 4142 998 4222 (sed),
1017 4139 1102 4203 uelud
1116 4144 1266 4224 (pectus),

137 4240 279 4309 wlhcdd
292 4246 497 4327 (humilitas).
530 4246 788 4315 combinationes
805 4248 839 4321 lt,
859 4247 898 4322 lc,
917 4254 958 4320 rt,
976 4267 1021 4320 rc,
1040 4253 1076 4308 nt
1093 4244 1270 4326 persistunt

139 4355 184 4404 ¹10ss
195 4349 290 4415 tolum
305 4350 484 4426 hibernice,
502 4350 668 4421 sedetiam
689 4351 824 4434 gaelice:
849 4349 897 4412 alt
912 4351 1039 4430 (artus),
1058 4348 1107 4412 olc
1123 4350 1266 4432 (malus),
