2896 4980
135 316 239 374 XXIV
622 326 818 370 rnaiera'rro.

139 495 257 558 torum
277 483 489 554 institutum
506 504 584 552 esse
602 480 748 563 dicitur,
772 481 869 553 Boll.
887 482 995 551 Febr.
1014 482 1048 562 2,
1072 482 1157 577 361)
1177 480 1311 554 funda-

139 614 196 676 tor
214 613 251 675 et
268 602 408 696 primus
430 601 542 671 abbas
560 600 772 672 monasterii
790 600 1065 696 peregrinorum
1085 625 1171 672 suae
1190 601 1312 696 gentis

138 723 231 806 fuit,
264 747 311 793 ex
330 743 403 813 quo
421 718 566 791 saeculo
585 721 734 790 demum
751 730 927 813 sequente
947 720 1046 792 Scoti
1063 721 1175 792 etiam
1194 730 1313 792 trans-

139 842 264 914 ierunt
291 863 364 911 non
392 837 510 910 solum
537 838 834 936 Wirziburgum,
870 843 934 913 sed
962 841 1073 912 etiam
1098 840 1313 912 Norimber-

139 986 245 1058 gam,
283 960 544 1030 Vindobonam
571 966 609 1028 et
636 949 904 1031 Eichstadium}
958 963 1020 1031 Ab
1046 961 1116 1031 hoc
1142 960 1313 1031 Mariano

140 1080 317 1174 scriptum
344 1102 421 1150 esse
456 1078 618 1148 codicem
644 1077 845 1149 Paulinum
872 1079 1216 1162 vindobonensem,
1248 1077 1313 1170 qui

140 1199 304 1272 continet
329 1195 608 1268 commentarios
625 1196 878 1269 interlineares
902 1197 960 1268 vel
984 1198 1205 1293 marginales
1228 1197 1314 1267 lati-

139 1343 206 1392 nos
232 1329 269 1390 et
299 1317 436 1412 glossas
464 1314 671 1386 hibernicas
696 1318 873 1407 quasdam
903 1317 990 1387 hinc
1021 1317 1108 1388 inde
1140 1317 1187 1387 ad
1216 1341 1314 1386 mar-

140 1439 266 1534 ginem
293 1436 453 1530 adjectas
481 1434 608 1529 (Denis
622 1487 644 1516 ,-
660 1434 776 1506 Codd.
799 1458 866 1505 ms.
895 1435 1007 1506 theol.
1030 1435 1201 1507 biblioth.
1233 1435 1309 1529 pal.

140 1555 451 1637 VindobonensiS,
473 1553 545 1625 vol.
567 1552 600 1624 1.
618 1577 655 1647 p.
682 1555 713 1636 1,
736 1554 805 1625 col.
829 1555 899 1625 127
914 1578 968 1646 sq.
1007 1556 1181 1626 Lambec.
1204 1554 1314 1625 Com-

140 1685 255 1747 ment.
277 1676 312 1756 2,
333 1675 426 1759 7493
450 1671 630 1745 cf.Pert2.
650 1678 684 1751 7,
702 1675 775 1746 484
790 1681 867 1743 not.
887 1674 947 1744 22.
967 1673 1041 1768 23),
1062 1674 1313 1768 colligendum

141 1804 214 1876 est,
242 1794 355 1885 idque
374 1790 513 1863 factum
536 1817 613 1865 esse
639 1819 672 1865 a.
702 1794 795 1865 1079
820 1816 866 1862 ex
885 1792 973 1884 ipsis
998 1793 1077 1887 ejus
1102 1793 1231 1887 glossis
1248 1818 1314 1887 pa-

141 1912 239 1985 tet*
279 1913 328 1983 Et
345 1910 472 2003 quaeri
491 1912 612 1994 debet,
636 1936 759 1982 annon
778 1911 889 1981 etiam
908 1913 954 1982 ab
973 1913 1101 1983 eodem
1119 1912 1167 1984 sit
1185 1937 1315 1983 exara-

142 2042 201 2105 tus
234 2032 377 2102 “codex
406 2029 640 2125 regularum'
676 2030 1126 2125 Claustroneoburgensis‚
1168 2031 1208 2103 in
1239 2055 1314 2123 quo

141 2176 288 2225 carmen
306 2150 538 2223 hibernicum
557 2158 741 2222 servatum
759 2159 834 2231 est,
863 2174 948 2220 cum
973 2153 1094 2222 tradat
1117 2151 1314 2243 Dempste-

140 2297 220 2355 rus,
249 2271 461 2342 Marianum
487 2269 671 2362 scripsisse
697 2268 892 2363 “regulam
916 2271 963 2341 ad
986 2268 1115 2340 fratres
1139 2269 1206 2339 lib.
1229 2269 1248 2338 Ι
1276 2279 1315 2340 et

141 2392 233 2462 alia‘'
270 2387 329 2484 (cf.
357 2415 395 2483 p.
424 2388 497 2460 933
521 2387 632 2481 hujus
668 2388 788 2481 operis
816 2397 853 2459 et
877 2387 972 2459 Boll.
1002 2391 1111 2460 Febr.
1141 2388 1176 2469 2,
1208 2386 1309 2481 363),

141 2520 179 2582 et
218 2507 447 2589 Aventinus,
493 2505 558 2598 qui
598 2502 671 2576 fuit
706 2504 929 2578 Ratisbonae
970 2517 1055 2578 ante
1096 2506 1313 2578 destructio-

141 2652 226 2700 nem
250 2624 463 2698 monasterii
489 2634 527 2696 et
555 2622 689 2695 viderit
718 2624 859 2695 codices
887 2626 1068 2707 Mariani,
1104 2650 1189 2696 eum
1214 2625 1313 2696 dicat

140 2755 320 2842 poetam
344 2754 381 2816 et
405 2742 618 2838 theologum
647 2741 831 2837 insignem
865 2742 935 2837 (ed.
964 2744 1119 2839 Ingolst.
1141 2770 1179 2837 p.
1209 2744 1308 2838 553).

142 2867 245 2937 Num
276 2863 366 2956 quid
397 2871 434 2934 et
463 2862 503 2933 in
534 2861 615 2932 aliis
646 2861 875 2932 monasteriis
899 2862 1092 2956 regionum
1120 2862 1313 2935 Danubia-

229 3094 353 3102 ..--·--

211 3241 275 3294 'In
292 3245 333 3294 10·
352 3239 468 3308 legitur:
493 3237 606 3291 cattam
624 3256 684 3291 ease
702 3238 811 3291 innoelrt
832 3237 985 3307 (sabbatum
1004 3237 1140 3308 paschatis
1159 3237 1209 3290 hac
1221 3239 1312 3309 nocte)

135 3324 217 3395 filet.
238 3324 319 3393 april.
337 3341 406 3375 arrato
424 3322 526 3375 donrini
540 3323 800 3377 ,MLXXVIIIL
819 3324 946 3376 Mariani
957 3323 1048 3376 ηιίεενὶ
1064 3323 1168 3375 donnae
1179 3323 1312 3377 nreserere.

142 3411 176 3464 In
197 3414 255 3462 17⁸:
280 3407 407 3461 Ascanio
425 3407 527 3459 daritim
543 3406 619 3459 hodie
637 3407 688 3460 Vr.
709 3428 736 3460 n.
757 3408 831 3461 maii.
857 3427 928 3461 anteo
946 3409 1048 3462 domini
1064 3409 1201 3461 MLXX
1205 3410 1313 3462 VIIII.

142 3493 270 3548 Mariani
280 3493 372 3546 nn'seri
382 3493 485 3546 dosnriro
496 3493 628 3546 miserere.
646 3490 710 3546 “Ad
722 3494 823 3547 codicis
835 3491 968 3559 ealeom’'‚
984 3502 1016 3548 ut
1027 3495 1202 3547 utarDenisii
1214 3494 1312 3558 verbis,

140 3578 322 3642 “charactera
337 3578 408 3631 utin
422 3577 548 3630 omnibus
561 3595 608 3631 seu
622 3577 709 3632 titulis
723 3597 771 3632 sou
784 3579 1038 3650 subscriptionibus,
1052 3580 1165 3634 miniato
1178 3577 1313 3650 legitur'':

143 3667 164 3718 I
162 3685 180 3718 n-
192 3665 290 3717 honore
307 3663 442 3717 indim'due
456 3662 584 3717 trinitatis
597 3664 743 3717 lllars'anus
755 3670 853 3717 scottus
870 3666 979 3736 scrspss't
997 3668 1066 3719 hurso
1079 3667 1176 3718 libram
1188 3666 1244 3718 ετιιζς
1249 3671 1314 3736 sra-

144 3751 229 3803 tribus
243 3750 402 3819 peregrinis.
428 3749 529 3802 Animo
548 3749 603 3803 aius
615 3750 762 3820 requiescat
780 3750 807 3804 in
816 3770 892 3820 paco.
908 3758 1021 3821 propter
1032 3753 1109 3804 deum
1122 3753 1212 3805 denote
1224 3752 1312 3804 dieite.

143 3854 229 3889 amen.
249 3835 281 3888 X
288 3836 337 3888 VI.
359 3836 396 3889 kl.
418 3835 488 3888 iunii
503 3836 579 3889 hodie
589 3837 667 3905 seria
685 3838 736 3892 Vl.
756 3855 826 3889 anno
844 3836 947 3890 ἅοηπὺιί
956 3836 1093 3889 MAEXX
1100 3838 1206 3890 VIIII.
1238 3838 1315 3890 Haec

143 3923 234 3977 vivum
247 3921 400 3975 Marianum
413 3921 512 3975 suturis
533 3923 682 3993 peregrinis
701 3922 790 3993 gentis
808 3940 873 3976 suae
892 3922 981 3975 dicere
992 3922 1050 3992 jam
1063 3922 1224 3974 lambecius
1237 3929 1316 3992 puta·

143 4010 197 4075 vit;
218 4017 314 4062 neuter
332 4007 442 4071 saltem,
464 4025 513 4060 nec
526 4007 686 4062 Lambecius
705 4026 754 4061 nec
767 4008 896 4061 Denisius
915 4008 1038 4060 ultimam
1051 4009 1197 4077 glossema
1210 4006 1316 4058 diversa

142 4113 224 4148 manu
243 4095 363 4148 additam
382 4110 439 4146 esse
452 4099 585 4157 asserunt.
616 4093 770 4148 Aventinus
785 4093 822 4163 (p.
837 4093 898 4163 553)
918 4093 1040 4162 loquitur
1060 4092 1094 4145 de
1107 4092 1235 4162 psalterio
1253 4108 1314 4144 cum

143 4180 335 4235 commentario
354 4197 368 4232 o
387 4178 487 4231 sanctis
506 4179 629 4248 patribus
647 4178 761 4232 collecto
779 4196 795 4231 a
814 4178 955 4242 Mariano,
985 4177 1059 4247 quod
1077 4178 1177 4231 vidisse
1196 4177 1312 4242 videtur„

142 4273 171 4320 et
182 4264 374 4336 praelationem
388 4282 422 4317 ox
435 4281 467 4317 eo
479 4263 565 4328 affert,
586 4282 655 4335 quae
669 4271 798 4326 testatur,
814 4263 887 4334 quod
900 4263 1041 4316 Marianus
1054 4282 1078 4316 a.
1096 4267 1160 4316 rom
1180 4261 1314 4332 “septimo

142 4350 366 4423 peregrinationis
379 4367 443 4402 suae
456 4345 542 4403 ann0“
557 4349 694 4419 scripserit
705 4349 734 4402 id
743 4366 821 4420 opus,
836 4349 910 4420 quod
923 4357 954 4403 ut
966 4350 994 4404 in
1007 4350 1060 4404 fine
1073 4349 1200 4420 adjicitur
1210 4346 1315 4402 “Geor-

141 4438 180 4508 gii
192 4437 266 4491 feriis
279 4436 376 4506 coepit,
391 4435 512 4489 Mathaei
525 4443 553 4489 et
565 4435 721 4489 Hemerami
733 4432 846 4489 finivit.”
957 4499 963 4507 Ι
