2896 4980
230 312 272 367 vl
717 328 914 373 rrrsnm'rro.

231 479 359 573 natio).
408 481 665 553 Vetustissima
690 490 815 552 autem
847 492 901 555 est
926 484 1026 555 haud
1055 485 1167 556 dubie
1194 484 1401 558 differentia

232 620 403 669 sonorum
415 623 444 694 p
463 609 501 669 et
518 624 547 680 c,
571 608 609 671 ct
626 600 768 671 obtinet
794 601 834 673 in
854 601 1005 674 diversis
1023 602 1161 696 linguis
1179 605 1396 697 antiquitus.

233 740 266 786 e.
289 741 344 810 gr.
373 717 412 787 in
431 717 496 788 lat.
519 728 684 812 quattuor,
716 718 849 790 lituan.
879 720 1040 802 ketaras,
1079 729 1116 791 et
1144 745 1259 815 germ.
1280 725 1402 821 fidvor

237 833 299 928 t:
306 836 462 931 petitor),
485 836 551 907 lat.
566 841 719 932 quinque
740 835 803 932 (τ-
818 837 939 932 ciacc),
962 837 1106 910 hibem.
1124 844 1207 921 edic,
1231 851 1268 913 et
1281 867 1398 936 germ.

222 960 319 1059 fias
332 959 551 1055 (trien)-

336 1081 371 1149 2.
394 1077 574 1148 Sonorum
589 1077 717 1146 eadem
730 1076 932 1170 progressio
942 1076 980 1148 in
993 1077 1122 1174 lingua
1132 1080 1338 1150 britannica
1347 1091 1401 1151 at-

234 1199 364 1292 quein
382 1196 516 1290 galbes
534 1196 645 1266 etiam
663 1194 859 1277 romanica,
882 1206 1056 1287 operante
1075 1197 1233 1290 amplius
1251 1199 1401 1295 linguae

233 1317 388 1411 gallicae
412 1314 581 1408 ingenie,
611 1337 723 1404 quam
747 1313 1037 1406 progressionem
1060 1316 1176 1387 nescit
1193 1315 1324 1411 lingua
1345 1317 1404 1387 hi-

234 1435 394 1510 bernica,
413 1456 446 1503 e.
466 1455 521 1525 gr.
541 1437 792 1500 transeuntem
807 1453 827 1498 v
843 1429 901 1499 vel
911 1456 941 1501 w
955 1431 993 1501 in
1001 1455 1065 1526 pu,
1079 1458 1137 1527 μω
1144 1434 1351 1505 britannice
1366 1445 1404 1505 et

234 1552 274 1623 in
291 1550 441 1622 vocibus
459 1547 601 1644 gallicis
619 1546 832 1631 romanicis,
865 1571 959 1639 quac
984 1548 1173 1622 hibernico
1191 1552 1234 1622 fit
1242 1550 1280 1647 s,
1312 1553 1403 1622 item

233 1669 470 1764 praemissam
488 1666 668 1739 eambrice
688 1669 713 1748 i,
725 1690 765 1760 y,
789 1690 818 1747 e,
841 1675 883 1738 ut
901 1691 919 1738 e
936 1667 1068 1762 gallice
1086 1677 1171 1740 ante
1190 1671 1404 1764 conjunctas

233 1813 287 1884 sp,
310 1799 354 1869 st,
376 1812 425 1857 sc.
472 1785 674 1857 Destitutio
692 1785 916 1869 mediarum,
950 1810 1102 1858 excussa
1125 1790 1340 1882 pracsertim
1359 1815 1399 1884 p,

121 1902 128 1916 ’
234 1907 274 1977 in
292 1904 438 1977 Galliae
464 1903 658 1975 romanicis
685 1904 932 1976 monumentis
957 1906 1070 1977 medii
1094 1907 1175 1978 aevi
1200 1931 1315 1999 aeque
1343 1931 1406 1976 ve-

236 2033 335 2096 tusta
352 2031 407 2094 est
424 2032 535 2114 atque
552 2022 592 2092 in
607 2021 835 2104 britannicis,
867 2022 1035 2095 tenuium
1047 2027 1139 2096 adeo
1155 2025 1404 2095 destitutionis

235 2141 406 2235 exempla
428 2139 616 2212 romanica
639 2138 775 2235 gallica
797 2140 997 2212 vetustiora
1022 2152 1108 2215 sunt
1134 2168 1245 2236 quarn
1264 2143 1405 2213 britan-

235 2262 330 2332 nica.
378 2261 527 2332 Prolata
544 2261 636 2329 haee
654 2258 787 2330 iidesis
812 2258 852 2328 in
870 2261 999 2331 mediis
1018 2270 1055 2332 et
1074 2261 1246 2331 tenuibus
1264 2262 1405 2333 britan-

235 2380 326 2465 nicis
349 2380 397 2473 (p.
424 2378 507 2448 166.
534 2376 617 2446 167.
644 2375 728 2446 185.
756 2376 853 2469 186).

340 2497 375 2567 3.
413 2496 445 2565 T
447 2494 705 2565 erminationes
737 2495 918 2587 quaedam
948 2496 1116 2589 propriae
1146 2497 1297 2592 linguae
1329 2498 1404 2569 bri-

235 2614 422 2696 tannicae,
446 2621 482 2684 et
501 2637 591 2704 quas
609 2611 754 2705 ignorat
771 2611 981 2692 hibernica,
1010 2624 1228 2708 apparentes
1246 2617 1286 2687 in
1303 2616 1404 2686 voci-

234 2736 304 2807 bus
322 2732 464 2827 gallicis
482 2730 654 2813 vetustis,
678 2754 711 2800 e.
733 2753 789 2825 gr.
810 2753 875 2801 -en
894 2730 952 2801 vel
969 2756 1038 2803 -on
1062 2743 1150 2805 nota
1168 2735 1404 2830 singularita-

236 2852 282 2923 tis
300 2851 340 2921 in
358 2850 568 2923 nominibus
585 2847 796 2943 plantarum
813 2852 1013 2938 γελασονέν,
1038 2852 1198 2948 σκοβιήν,
1229 2852 1398 2933 titumen,

236 2968 413 3040 betilolen
447 2968 496 3062 (p.
529 2967 635 3062 301),
671 2975 709 3038 et
740 2966 780 3037 in
812 2966 960 3037 nomine
991 2967 1063 3038 loei
1092 2969 1216 3063 gallici
1242 2969 1404 3040 Aballon

239 3086 435 3184 (Aballone
462 3085 536 3157 abl.
566 3085 606 3157 in
630 3085 744 3168 ltin,
783 3086 920 3156 cambr.
954 3095 1028 3158 vet.
1057 3087 1214 3168 chellon,
1244 3089 1398 3168 attolles,

236 3208 323 3278 hod.
346 3204 499 3301 usellen,
522 3204 659 3286 malus,
690 3206 815 3287 arbor,
838 3229 876 3297 p.
902 3204 1001 3300 788).
1032 3217 1091 3277 -et
1108 3206 1315 3277 terminatio
1334 3231 1404 3275 nu-

237 3323 329 3394 meri
347 3322 500 3416 pluralis
522 3322 570 3413 (p.
594 3323 680 3392 297.
705 3322 791 3416 299)
820 3323 860 3391 in
884 3323 1032 3394 nominc
1050 3325 1259 3417 germanico
1278 3347 1325 3393 ex
1342 3347 1405 3394 ore

237 3440 369 3535 gallico
388 3438 513 3508 audito
532 3463 554 3506 a
572 3437 725 3507 Caesare
744 3438 928 3529 Usipetes
952 3441 1051 3528 quod
1070 3440 1150 3510 aliis
1169 3441 1406 3531 scriptoribus

238 3560 316 3629 sine
336 3555 592 3628 terminatione
610 3553 744 3648 gallica
761 3563 816 3625 est
834 3554 960 3647 Usipi,
984 3555 1125 3648 Usipii,
1151 3558 1279 3626 eodem
1297 3561 1406 3634 modo

239 3686 282 3746 ut
299 3675 398 3767 apud
416 3674 581 3745 Plinium
602 3673 649 3767 (3,
665 3672 725 3768 20)
747 3682 833 3743 sunt
845 3672 958 3768 juxta
967 3672 1165 3747 Sarunetes
1183 3676 1294 3746 etiam
1304 3677 1405 3747 Ven-

239 3803 401 3876 nonetes,
425 3793 489 3884 qui
507 3791 719 3868 Ptolemaeo
736 3799 913 3861 vocantur
933 3795 1135 3871 Οὐέννονες.

342 3913 379 3982 4.
409 3912 528 3982 Voces
547 3911 728 4001 quaedam
754 3909 793 3981 in
811 3910 1020 3981 nominibus
1038 3910 1180 4004 gallicis
1199 3913 1351 3986 vetustis
1370 3896 1423 3983 ct*

239 4028 466 4111 britannicis,
498 4052 592 4121 quae
611 4030 745 4099 desunt
762 4027 801 4097 in
818 4027 1009 4099 hibernica
1025 4027 1165 4122 lingua.
1214 4029 1307 4100 Prae
1326 4029 1407 4100 aliis

240 4148 464 4219 nominanda
488 4154 543 4217 est
559 4146 742 4240 particula
759 4146 1012 4238 inseparabilis
1024 4170 1163 4240 picen,
1186 4173 1296 4243 pun,
1323 4172 1408 4242 por-

241 4265 376 4335 usitata
403 4267 515 4336 etiarn
539 4265 577 4335 in
592 4264 770 4335 hodierna
795 4262 923 4357 lingua
946 4263 1145 4342 cambrica,
1177 4262 1349 4354 frequens
1368 4265 1408 4334 in

240 4381 451 4463 nominibus
475 4382 629 4476 propriis
656 4381 815 4457 sitorum
834 4381 1042 4473 compositis
1060 4381 1275 4454 britannicis
1295 4380 1408 4451 medii
