2896 4980
137 324 177 388 88
377 323 406 386 I.
434 331 464 386 1.
508 344 678 388 cossonss
693 342 901 387 nrssurncss
914 342 1055 387 nanum.

136 491 238 576 spoils
252 491 375 573 (ictus),
389 501 482 555 neart
496 492 643 574 (virttis),
661 512 750 553 marc
764 493 905 574 (equus),
924 490 1008 554 seire
1022 493 1139 574 (amor)
1147 538 1158 567 ,
1175 490 1268 555 hiben

136 596 290 671 meister,
318 594 400 679 gael.
429 594 589 659 manenter
614 594 793 677 (familia),
822 595 946 659 hibern.
975 607 1066 674 aaut,
1095 596 1179 680 guel.
1207 618 1268 661 san

138 700 310 782 (avaritia).

149 838 152 843 ·
224 806 256 887 d)
278 806 379 869 Extra
396 804 586 889 positionem
607 817 758 869 consueta
779 816 828 867 est
848 804 1030 882 destitutio,
1054 807 1122 870 sive
1143 807 1259 871 excidit

139 922 213 973 ante
228 921 340 973 tenues
359 909 425 973 sive
439 932 505 973 non
520 909 654 972 excidit:
677 911 778 973 eadar
794 912 871 989 (vet.
890 919 977 986 star,
994 911 1109 996 inter),
1128 915 1212 976 σκιά
1221 915 1268 993 (ve

138 1019 195 1092 cet,
213 1018 375 1097 eentum),
394 1015 479 1076 dead
498 1016 554 1094 (ε-
568 1015 635 1090 de't,
653 1016 764 1097 dens),
783 1020 820 1098 ὁρ
836 1015 1011 1097 (juvenis),
1030 1017 1101 1100 eriip
1113 1018 1268 1101 (quinque

131 1121 259 1202 pabuli,
270 1119 390 1201 puball
402 1117 605 1196 (tentorium
623 1129 685 1180 vet.
696 1120 847 1200 pupuli),
855 1120 971 1201 pobull
982 1122 1163 1205 (populus),
1178 1121 1268 1204 odys‘d

140 1227 217 1306 (vet.
236 1222 372 1306 appius,
389 1222 627 1305 alphabetum),
646 1222 780 1286 eas'didil
792 1223 1008 1306 (capitulum),
1028 1225 1208 1289 &eidem
1224 1226 1268 1306 (ut

140 1339 271 1404 aetem,
289 1329 399 1409 fides),
418 1348 496 1410 apua
517 1328 580 1407 (et;
598 1338 661 1389 vet.
679 1349 765 1403 amas,
783 1331 882 1410 oeus),
900 1330 1009 1411 mopul
1020 1331 1099 1410 (vet.
1115 1330 1268 1413 mlle

141 1433 271 1515 subtel),
285 1439 397 1515 sapor!
411 1431 594 1512 (sacerdos),
613 1430 685 1513 leip,
704 1432 804 1515 leipid
816 1433 1027 1516 (pennittere;
1040 1443 1104 1497 vet.
1124 1435 1210 1517 leis),
1224 1436 1268 1499 da

142 1538 295 1618 (decem),
318 1539 384 1617 pop
405 1535 564 1615 (osculum
571 1559 580 1608 ;
604 1546 667 1599 vet.
692 1538 759 1618 dds)
769 1584 779 1614 ,
797 1536 934 1620 seaddoq
954 1537 1065 1617 (faleo3
1088 1549 1154 1602 vet.
1172 1540 1268 1603 sedon

142 1642 263 1704 Eodem
277 1640 370 1701 modo
385 1638 420 1701 in
435 1638 683 1703 derivationibus
698 1642 777 1718 -ad,
792 1643 854 1704 -ed
866 1652 945 1704 ete:
969 1642 1091 1704 caroad
1104 1644 1164 1723 (=
1176 1664 1268 1728 earpe

143 1748 237 1826 tum),
256 1743 384 1827 airqiod
397 1744 454 1823 (=
468 1747 661 1826 argentum),
677 1744 815 1828 fichead
828 1749 904 1826 (vet.
917 1745 1033 1829 ficiet,
1050 1747 1193 1831 viginti),
1211 1759 1268 1831 utsp

142 1850 177 1912 in
199 1848 388 1911 flexionibus
411 1849 578 1910 verborum
602 1851 681 1925 -ad,
699 1849 774 1927 -2'd,
792 1853 895 1914 -adar
916 1852 993 1931 (vet.
1011 1860 1082 1927 -at,
1101 1852 1167 1929 -it,
1185 1861 1268 1917 -aas

143 1953 338 2017 Destituitur
367 1962 380 2017 t
406 1951 602 2036 pronominis
631 1953 739 2017 suffixi
760 1954 934 2038 personalis
955 1965 988 2017 et
1009 1954 1102 2018 infixi
1122 1955 1268 2040 possesm

140 2059 303 2141 lriberniee
317 2069 350 2121 et
363 2058 498 2141 gaelioe:
522 2059 610 2142 aqud
623 2061 722 2142 (apud
737 2063 800 2142 te),
818 2060 901 2121 asad
914 2061 945 2138 (e
961 2062 1025 2141 te),
1042 2059 1181 2137 ionnad,
1199 2084 1268 2125 ann

143 2164 192 2243 (in
208 2166 271 2246 te),
288 2165 389 2226 amad
403 2163 499 2245 (circa
514 2167 575 2245 te),
595 2163 682 2247 sad,
697 2162 833 2247 fodlsud
846 2164 919 2242 (sub
936 2166 980 2246 te)
996 2174 1078 2239 ete.;
1096 2166 1139 2228 dd
1159 2164 1261 2229 toimla

143 2291 242 2333 manu
255 2280 328 2344 tua;
343 2278 407 2330 vet.
422 2267 556 2349 o'tldim),
571 2269 652 2329 read
662 2266 761 2330 ldimls
773 2269 861 2346 (ante
872 2288 1004 2331 manum
1018 2272 1131 2351 tuam).
1158 2270 1225 2333 Sed
1235 2290 1268 2333 eu

144 2384 206 2436 tra:
227 2375 290 2436 leat
304 2373 403 2455 (apud
418 2375 474 2452 te),
488 2371 559 2434 uait
574 2375 606 2453 (a
622 2374 678 2453 te),
693 2371 761 2435 dioc
774 2372 827 2452 (de
843 2374 900 2452 te),
915 2372 986 2435 duit
997 2373 1051 2453 (ad
1067 2376 1123 2454 te),
1138 2374 1214 2449 rint,
1228 2373 1268 2437 rsi

143 2480 232 2559 (ante
253 2481 299 2559 te)
314 2487 395 2551 ete.;
419 2477 459 2538 do
480 2476 594 2538 wadan
617 2475 798 2554 (adfaciem
820 2479 923 2558 tuam)
933 2523 944 2552 ,
962 2476 1002 2537 do
1029 2476 1154 2561 tfdiqde
1169 2477 1224 2559 (ad
1238 2499 1268 2561 pr

142 2582 273 2664 phetam
294 2591 402 2654 tuum;
427 2588 440 2643 t
459 2590 533 2642 ante
548 2579 670 2641 vocales
694 2591 726 2642 et
739 2582 797 2664 f).
831 2579 1045 2662 Excipiuntur
1059 2592 1092 2643 et
1106 2602 1199 2644 voees
1214 2604 1268 2665 qus

144 2688 229 2761 dm,
244 2685 310 2747 sive
325 2686 365 2747 ob
379 2683 626 2766 geminationem
643 2685 789 2748 tenuium
808 2685 874 2748 sive
889 2686 930 2747 ob
946 2684 1087 2747 vocalem
1101 2688 1268 2769 productas

143 2812 215 2854 mac
230 2789 355 2871 (filius),
374 2810 458 2865 oraoc,
477 2790 593 2851 cnoodn
609 2788 727 2869 (collis,
745 2789 935 2869 colliculus),
951 2789 1017 2852 leae
1032 2789 1153 2874 (lapis),
1172 2792 1220 2853 iou
1234 2792 1268 2873 (s

143 2917 226 2972 vare,
245 2898 381 2976 sanare),
388 2893 512 2976 flaoail
523 2894 630 2976 (dens)
645 2903 706 2956 etc.

609 3181 835 3265 Aspiratae..

233 3376 281 3475 Φ
304 3375 348 3476 Θ
368 3378 428 3473 X·
474 3406 583 3469 Liceat
610 3405 825 3488 singularibus
852 3405 951 3489 signis
977 3405 1161 3488 designare,
1191 3429 1266 3491 ergo

143 3516 381 3609 graecalingua
394 3514 519 3599 petitis,
537 3538 611 3578 cum
631 3515 666 3576 in
687 3516 798 3578 ceteris
813 3516 932 3599 linguis
947 3539 1013 3579 non
1028 3517 1071 3579 sit
1083 3540 1141 3600 pro
1157 3540 1268 3600 quaem

142 3642 204 3705 que
226 3620 365 3704 aspirata
389 3619 485 3681 etiam
499 3618 659 3702 singrlare
674 3619 802 3701 signum
818 3632 851 3684 et
865 3643 930 3684 non
946 3621 1168 3704 compositum.
1200 3623 1268 3685 Ins

143 3725 237 3788 tustis
252 3723 435 3787 nominibus
450 3722 572 3805 gallicis
588 3724 720 3789 indubia
735 3736 783 3788 est
798 3725 936 3808 aspirata
950 3725 1074 3789 labialis
1092 3730 1134 3804 Φ,
1152 3728 1179 3789 F
1194 3728 1268 3807 (PE

141 3829 313 3913 incipiens:
340 3829 521 3891 Focunates
544 3830 632 3912 (pop.
649 3830 800 3912 raeticus)
816 3830 902 3892 Plin.
924 3835 962 3904 3,
982 3834 1034 3891 20.
1059 3830 1154 3893 Arria
1168 3831 1268 3894 Fadil

140 3935 161 3997 J
164 3934 229 3997 ulia
252 3932 379 3995 Fadilla
402 3933 517 4006 (mater
537 3945 570 3995 et
590 3955 676 3997 soror
690 3933 847 3997 Antonini
871 3933 938 4008 Pii,
964 3935 1088 4016 generis
1109 3935 1268 3999 Nemauss

141 4039 198 4121 sis)
214 4037 387 4121 Capitolin.
404 4036 561 4100 Antonin.
580 4040 619 4101 P.
638 4061 666 4101 c.
688 4048 716 4101 l.
747 4041 790 4101 In
811 4037 928 4100 chartis
953 4049 985 4100 et
1003 4038 1091 4101 libris
1106 4039 1204 4102 medii
1220 4062 1268 4104 ue*

141 4144 217 4207 villa
239 4142 416 4218 Fornolus,
439 4141 517 4224 dipl.
536 4163 565 4205 a.
586 4149 646 4204 632
663 4166 715 4226 ap.
735 4142 859 4205 Mabill.
878 4142 956 4225 dipl.
978 4165 1012 4226 p.
1031 4150 1105 4206 464.
1131 4144 1208 4207 villa
1231 4168 1268 4229 qs

141 4248 257 4312 dieitm
277 4247 457 4330 Felgeriss,
481 4245 559 4329 dipl.
578 4269 607 4308 a.
627 4254 687 4309 998
704 4269 755 4330 ap.
774 4247 899 4310 Mabill.
918 4269 951 4330 p.
971 4255 1044 4310 579.
1061 4270 1164 4332 pagus
1189 4250 1268 4313 Fun

141 4351 249 4415 nensis
269 4352 325 4427 (al.
349 4351 540 4426 Fulmenna‚
564 4350 658 4414 hodie
680 4352 835 4427 Femina,
859 4352 945 4434 regio
968 4354 1008 4415 ad
1027 4354 1240 4418 Arduennam
1261 4376 1268 4416 ι
