<?xml version="1.0" encoding="UTF-8"?>
<!DOCTYPE html PUBLIC "-//W3C//DTD XHTML 1.0 Transitional//EN"
    "http://www.w3.org/TR/xhtml1/DTD/xhtml1-transitional.dtd">
<html xmlns="http://www.w3.org/1999/xhtml" xml:lang="en" lang="en">
 <head>
  <title>
</title>
<meta http-equiv="Content-Type" content="text/html;charset=utf-8" />
  <meta name='ocr-system' content='tesseract 3.04.00' />
  <meta name='ocr-capabilities' content='ocr_page ocr_carea ocr_par ocr_line ocrx_word'/>
</head>
<body>
  <div class='ocr_page' id='page_1' title='image "./grammaticacelti00zeusgoog_0111.png"; bbox 0 0 2896 4980; ppageno 0'>
   <div class='ocr_carea' id='block_1_1' title="bbox 154 321 978 387">
    <p class='ocr_par' dir='ltr' id='par_1_1' title="bbox 154 321 978 387">
     <span class='ocr_line' id='line_1_1' title="bbox 154 321 978 387; baseline -0.013 0"><span class='ocrx_word' id='word_1_1' title='bbox 154 324 195 387; x_wconf 82' lang='lat'><strong>48</strong></span> <span class='ocrx_word' id='word_1_2' title='bbox 489 321 517 383; x_wconf 91' lang='grc' dir='ltr'><strong>Ι.</strong></span> <span class='ocrx_word' id='word_1_3' title='bbox 550 326 578 381; x_wconf 87' lang='lat' dir='ltr'><strong>l.</strong></span> <span class='ocrx_word' id='word_1_4' title='bbox 623 335 794 381; x_wconf 75' lang='lat' dir='ltr'><strong>cossossn</strong></span> <span class='ocrx_word' id='word_1_5' title='bbox 809 334 978 379; x_wconf 73' lang='lat' dir='ltr'><strong>emarcus.</strong></span> 
     </span>
    </p>
   </div>
   <div class='ocr_carea' id='block_1_2' title="bbox 150 477 1289 1099">
    <p class='ocr_par' dir='ltr' id='par_1_2' title="bbox 150 477 1289 1099">
     <span class='ocr_line' id='line_1_2' title="bbox 238 477 1289 573; baseline -0.009 -18"><span class='ocrx_word' id='word_1_6' title='bbox 238 494 348 555; x_wconf 87' lang='lat' dir='ltr'><strong>Status</strong></span> <span class='ocrx_word' id='word_1_7' title='bbox 362 489 531 573; x_wconf 86' lang='lat' dir='ltr'><strong>aspiratus,</strong></span> <span class='ocrx_word' id='word_1_8' title='bbox 549 487 665 563; x_wconf 88' lang='lat' dir='ltr'><strong>mollis,</strong></span> <span class='ocrx_word' id='word_1_9' title='bbox 682 488 732 549; x_wconf 75' lang='lat' dir='ltr'><strong>sel</strong></span> <span class='ocrx_word' id='word_1_10' title='bbox 747 484 877 548; x_wconf 79' lang='lat' dir='ltr'><strong>infectio</strong></span> <span class='ocrx_word' id='word_1_11' title='bbox 890 483 1040 567; x_wconf 73' lang='lat' dir='ltr'><strong>aspirata,</strong></span> <span class='ocrx_word' id='word_1_12' title='bbox 1057 484 1175 561; x_wconf 89' lang='lat' dir='ltr'><strong>mollis,</strong></span> <span class='ocrx_word' id='word_1_13' title='bbox 1188 477 1289 547; x_wconf 70' lang='lat' dir='ltr'><strong>infectio</strong></span> 
     </span>
     <span class='ocr_line' id='line_1_3' title="bbox 152 589 1289 678; baseline -0.008 -17"><span class='ocrx_word' id='word_1_14' title='bbox 152 618 361 662; x_wconf 89' lang='lat' dir='ltr'><strong>consonarum</strong></span> <span class='ocrx_word' id='word_1_15' title='bbox 376 595 513 678; x_wconf 84' lang='lat' dir='ltr'><strong>propria,</strong></span> <span class='ocrx_word' id='word_1_16' title='bbox 530 616 605 677; x_wconf 86' lang='lat' dir='ltr'><strong>prae</strong></span> <span class='ocrx_word' id='word_1_17' title='bbox 619 593 742 668; x_wconf 84' lang='lat' dir='ltr'><strong>ceteris,</strong></span> <span class='ocrx_word' id='word_1_18' title='bbox 759 591 823 653; x_wconf 79' lang='lat' dir='ltr'><strong>dici</strong></span> <span class='ocrx_word' id='word_1_19' title='bbox 836 590 972 672; x_wconf 82' lang='lat' dir='ltr'><strong>poterit3</strong></span> <span class='ocrx_word' id='word_1_20' title='bbox 994 589 1074 653; x_wconf 82' lang='lat' dir='ltr'><strong>baec</strong></span> <span class='ocrx_word' id='word_1_21' title='bbox 1089 601 1139 653; x_wconf 88' lang='lat' dir='ltr'><strong>est</strong></span> <span class='ocrx_word' id='word_1_22' title='bbox 1153 590 1241 653; x_wconf 88' lang='lat' dir='ltr'><strong>etiam</strong></span> <span class='ocrx_word' id='word_1_23' title='bbox 1250 589 1289 651; x_wconf 77' lang='lat' dir='ltr'><strong>ad</strong></span> 
     </span>
     <span class='ocr_line' id='line_1_4' title="bbox 151 695 1289 780; baseline -0.008 -14"><span class='ocrx_word' id='word_1_24' title='bbox 151 704 215 766; x_wconf 91' lang='lat' dir='ltr'><strong>huc</strong></span> <span class='ocrx_word' id='word_1_25' title='bbox 230 702 325 765; x_wconf 80' lang='lat' dir='ltr'><strong>unica</strong></span> <span class='ocrx_word' id='word_1_26' title='bbox 340 701 403 763; x_wconf 84' lang='lat' dir='ltr'><strong>fere</strong></span> <span class='ocrx_word' id='word_1_27' title='bbox 418 700 510 762; x_wconf 80' lang='lat' dir='ltr'><strong>obvia</strong></span> <span class='ocrx_word' id='word_1_28' title='bbox 525 700 558 761; x_wconf 90' lang='lat' dir='ltr'><strong>in</strong></span> <span class='ocrx_word' id='word_1_29' title='bbox 574 698 707 761; x_wconf 78' lang='lat' dir='ltr'><strong>vetustis</strong></span> <span class='ocrx_word' id='word_1_30' title='bbox 722 697 882 760; x_wconf 76' lang='lat' dir='ltr'>codicibus</span> <span class='ocrx_word' id='word_1_31' title='bbox 897 695 1080 758; x_wconf 80' lang='lat' dir='ltr'><strong>hibernicis.</strong></span> <span class='ocrx_word' id='word_1_32' title='bbox 1111 697 1229 759; x_wconf 82' lang='lat' dir='ltr'><strong>Contra</strong></span> <span class='ocrx_word' id='word_1_33' title='bbox 1239 716 1289 780; x_wconf 86' lang='lat' dir='ltr'><strong>pro</strong></span> 
     </span>
     <span class='ocr_line' id='line_1_5' title="bbox 151 801 1289 884; baseline -0.007 -13"><span class='ocrx_word' id='word_1_34' title='bbox 151 807 385 871; x_wconf 79' lang='lat' dir='ltr'><strong>nuntiationem</strong></span> <span class='ocrx_word' id='word_1_35' title='bbox 408 805 582 867; x_wconf 86' lang='lat' dir='ltr'><strong>molliorem</strong></span> <span class='ocrx_word' id='word_1_36' title='bbox 604 803 718 865; x_wconf 85' lang='lat' dir='ltr'><strong>harum</strong></span> <span class='ocrx_word' id='word_1_37' title='bbox 738 823 952 864; x_wconf 86' lang='lat' dir='ltr'><strong>consonarum</strong></span> <span class='ocrx_word' id='word_1_38' title='bbox 973 801 1147 863; x_wconf 64' lang='lat' dir='ltr'><strong>inssctione</strong></span> <span class='ocrx_word' id='word_1_39' title='bbox 1161 812 1289 884; x_wconf 77' lang='lat' dir='ltr'><strong>correpta·</strong></span> 
     </span>
     <span class='ocr_line' id='line_1_6' title="bbox 151 906 1289 988; baseline -0.006 -13"><span class='ocrx_word' id='word_1_40' title='bbox 151 934 222 975; x_wconf 92' lang='lat' dir='ltr'><strong>rum</strong></span> <span class='ocrx_word' id='word_1_41' title='bbox 244 911 366 974; x_wconf 85' lang='lat' dir='ltr'><strong>codices</strong></span> <span class='ocrx_word' id='word_1_42' title='bbox 388 909 541 972; x_wconf 79' lang='lat' dir='ltr'><strong>hibernici</strong></span> <span class='ocrx_word' id='word_1_43' title='bbox 563 922 682 971; x_wconf 79' lang='lat' dir='ltr'><strong>veteres</strong></span> <span class='ocrx_word' id='word_1_44' title='bbox 704 909 807 970; x_wconf 89' lang='lat' dir='ltr'><strong>solent</strong></span> <span class='ocrx_word' id='word_1_45' title='bbox 822 920 932 970; x_wconf 90' lang='lat' dir='ltr'><strong>notare</strong></span> <span class='ocrx_word' id='word_1_46' title='bbox 946 907 1243 988; x_wconf 84' lang='lat' dir='ltr'><strong>pronuntiationem</strong></span> <span class='ocrx_word' id='word_1_47' title='bbox 1253 906 1289 969; x_wconf 90' lang='lat' dir='ltr'><strong>du</strong></span> 
     </span>
     <span class='ocr_line' id='line_1_7' title="bbox 150 1011 1289 1099; baseline -0.005 -18"><span class='ocrx_word' id='word_1_48' title='bbox 150 1019 264 1081; x_wconf 90' lang='lat' dir='ltr'><strong>riorem</strong></span> <span class='ocrx_word' id='word_1_49' title='bbox 286 1028 387 1079; x_wconf 86' lang='lat' dir='ltr'><strong>status</strong></span> <span class='ocrx_word' id='word_1_50' title='bbox 409 1014 549 1099; x_wconf 90' lang='lat' dir='ltr'><strong>primarii</strong></span> <span class='ocrx_word' id='word_1_51' title='bbox 575 1014 801 1096; x_wconf 84' lang='lat' dir='ltr'><strong>scriptione</strong></span> <span class='ocrx_word' id='word_1_52' title='bbox 826 1011 995 1094; x_wconf 82' lang='lat' dir='ltr'><strong>duplice</strong></span> <span class='ocrx_word' id='word_1_53' title='bbox 1015 1032 1289 1075; x_wconf 80' lang='lat' dir='ltr'><strong>consonarumnor</strong></span> 
     </span>
    </p>
   </div>
   <div class='ocr_carea' id='block_1_3' title="bbox 135 1115 1289 4351">
    <p class='ocr_par' dir='ltr' id='par_1_3' title="bbox 150 1115 1289 1621">
     <span class='ocr_line' id='line_1_8' title="bbox 150 1115 1289 1201; baseline -0.006 -15"><span class='ocrx_word' id='word_1_54' title='bbox 150 1123 337 1186; x_wconf 83' lang='lat' dir='ltr'><strong>infectarum</strong></span> <span class='ocrx_word' id='word_1_55' title='bbox 352 1125 366 1193; x_wconf 92' lang='lat'><strong>(</strong></span> <span class='ocrx_word' id='word_1_56' title='bbox 367 1120 401 1182; x_wconf 91' lang='lat' dir='ltr'><strong>in</strong></span> <span class='ocrx_word' id='word_1_57' title='bbox 416 1120 482 1182; x_wconf 86' lang='lat' dir='ltr'><strong>solo</strong></span> <span class='ocrx_word' id='word_1_58' title='bbox 499 1121 554 1201; x_wconf 87' lang='lat' dir='ltr'><strong>Sg.</strong></span> <span class='ocrx_word' id='word_1_59' title='bbox 572 1141 603 1181; x_wconf 89' lang='lat' dir='ltr'><strong>m</strong></span> <span class='ocrx_word' id='word_1_60' title='bbox 624 1119 716 1200; x_wconf 88' lang='lat' dir='ltr'><strong>signo</strong></span> <span class='ocrx_word' id='word_1_61' title='bbox 730 1119 916 1201; x_wconf 89' lang='lat' dir='ltr'><strong>plerumque</strong></span> <span class='ocrx_word' id='word_1_62' title='bbox 931 1128 1061 1178; x_wconf 85' lang='lat' dir='ltr'><strong>notatur</strong></span> <span class='ocrx_word' id='word_1_63' title='bbox 1075 1115 1289 1198; x_wconf 79' lang='lat' dir='ltr'><strong>duplicationit</strong></span> 
     </span>
     <span class='ocr_line' id='line_1_9' title="bbox 150 1220 1289 1309; baseline -0.004 -19"><span class='ocrx_word' id='word_1_64' title='bbox 150 1229 267 1291; x_wconf 90' lang='lat' dir='ltr'><strong>lineola</strong></span> <span class='ocrx_word' id='word_1_65' title='bbox 287 1227 406 1288; x_wconf 89' lang='lat' dir='ltr'><strong>scilicet</strong></span> <span class='ocrx_word' id='word_1_66' title='bbox 427 1226 636 1309; x_wconf 81' lang='lat' dir='ltr'><strong>supraducta3</strong></span> <span class='ocrx_word' id='word_1_67' title='bbox 661 1225 695 1286; x_wconf 91' lang='lat' dir='ltr'><strong>in</strong></span> <span class='ocrx_word' id='word_1_68' title='bbox 714 1224 785 1286; x_wconf 89' lang='lat' dir='ltr'><strong>aliis</strong></span> <span class='ocrx_word' id='word_1_69' title='bbox 806 1234 916 1285; x_wconf 92' lang='lat' dir='ltr'><strong>autem</strong></span> <span class='ocrx_word' id='word_1_70' title='bbox 935 1222 1097 1284; x_wconf 81' lang='lat' dir='ltr'><strong>codicibus</strong></span> <span class='ocrx_word' id='word_1_71' title='bbox 1120 1232 1155 1283; x_wconf 91' lang='lat' dir='ltr'><strong>et</strong></span> <span class='ocrx_word' id='word_1_72' title='bbox 1176 1220 1289 1285; x_wconf 79' lang='lat' dir='ltr'><strong>haecbi</strong></span> 
     </span>
     <span class='ocr_line' id='line_1_10' title="bbox 150 1326 1289 1413; baseline -0.007 -17"><span class='ocrx_word' id='word_1_73' title='bbox 150 1333 322 1412; x_wconf 78' lang='lat' dir='ltr'><strong>scribitur),</strong></span> <span class='ocrx_word' id='word_1_74' title='bbox 341 1331 437 1392; x_wconf 88' lang='lat' dir='ltr'><strong>etiam</strong></span> <span class='ocrx_word' id='word_1_75' title='bbox 457 1329 489 1391; x_wconf 92' lang='lat' dir='ltr'><strong>in</strong></span> <span class='ocrx_word' id='word_1_76' title='bbox 505 1330 678 1413; x_wconf 89' lang='lat' dir='ltr'><strong>positione,</strong></span> <span class='ocrx_word' id='word_1_77' title='bbox 704 1342 739 1392; x_wconf 89' lang='lat' dir='ltr'><strong>ut</strong></span> <span class='ocrx_word' id='word_1_78' title='bbox 755 1327 875 1412; x_wconf 88' lang='lat' dir='ltr'><strong>patebit</strong></span> <span class='ocrx_word' id='word_1_79' title='bbox 890 1348 907 1389; x_wconf 91' lang='lat' dir='ltr'><strong>e</strong></span> <span class='ocrx_word' id='word_1_80' title='bbox 921 1326 1068 1409; x_wconf 74' lang='lat' dir='ltr'><strong>plurimis</strong></span> <span class='ocrx_word' id='word_1_81' title='bbox 1084 1326 1169 1389; x_wconf 83' lang='lat' dir='ltr'><strong>infra</strong></span> <span class='ocrx_word' id='word_1_82' title='bbox 1185 1346 1289 1409; x_wconf 84' lang='lat' dir='ltr'><strong>sequen</strong></span> 
     </span>
     <span class='ocr_line' id='line_1_11' title="bbox 151 1431 1289 1516; baseline -0.007 -16"><span class='ocrx_word' id='word_1_83' title='bbox 151 1438 235 1500; x_wconf 88' lang='lat' dir='ltr'><strong>tibus</strong></span> <span class='ocrx_word' id='word_1_84' title='bbox 251 1434 420 1516; x_wconf 82' lang='lat' dir='ltr'><strong>exemplis,</strong></span> <span class='ocrx_word' id='word_1_85' title='bbox 447 1434 590 1516; x_wconf 78' lang='lat' dir='ltr'><strong>quamvis</strong></span> <span class='ocrx_word' id='word_1_86' title='bbox 605 1457 670 1496; x_wconf 90' lang='lat' dir='ltr'><strong>non</strong></span> <span class='ocrx_word' id='word_1_87' title='bbox 686 1435 720 1497; x_wconf 92' lang='lat' dir='ltr'><strong>in</strong></span> <span class='ocrx_word' id='word_1_88' title='bbox 735 1454 936 1496; x_wconf 90' lang='lat' dir='ltr'><strong>communem</strong></span> <span class='ocrx_word' id='word_1_89' title='bbox 951 1453 1047 1494; x_wconf 87' lang='lat' dir='ltr'><strong>usum</strong></span> <span class='ocrx_word' id='word_1_90' title='bbox 1061 1443 1160 1514; x_wconf 88' lang='lat' dir='ltr'><strong>atque</strong></span> <span class='ocrx_word' id='word_1_91' title='bbox 1175 1431 1289 1514; x_wconf 72' lang='lat' dir='ltr'><strong>regula</strong></span> 
     </span>
     <span class='ocr_line' id='line_1_12' title="bbox 150 1539 516 1621; baseline -0.011 -17"><span class='ocrx_word' id='word_1_92' title='bbox 150 1541 309 1604; x_wconf 84' lang='lat' dir='ltr'><strong>transierit</strong></span> <span class='ocrx_word' id='word_1_93' title='bbox 325 1562 362 1601; x_wconf 89' lang='lat' dir='ltr'><strong>ea</strong></span> <span class='ocrx_word' id='word_1_94' title='bbox 377 1539 516 1621; x_wconf 88' lang='lat' dir='ltr'><strong>scriptio.</strong></span> 
     </span>
    </p>

    <p class='ocr_par' dir='ltr' id='par_1_4' title="bbox 138 1644 1289 3928">
     <span class='ocr_line' id='line_1_13' title="bbox 237 1644 1289 1727; baseline 0 -20"><span class='ocrx_word' id='word_1_95' title='bbox 237 1646 321 1707; x_wconf 88' lang='lat' dir='ltr'><strong>Sunt</strong></span> <span class='ocrx_word' id='word_1_96' title='bbox 347 1659 378 1707; x_wconf 90' lang='lat' dir='ltr'><strong>et</strong></span> <span class='ocrx_word' id='word_1_97' title='bbox 404 1645 485 1706; x_wconf 81' lang='lat' dir='ltr'><strong>eliae</strong></span> <span class='ocrx_word' id='word_1_98' title='bbox 506 1647 660 1727; x_wconf 86' lang='lat' dir='ltr'><strong>quaedam</strong></span> <span class='ocrx_word' id='word_1_99' title='bbox 686 1669 896 1711; x_wconf 87' lang='lat' dir='ltr'><strong>consonarum</strong></span> <span class='ocrx_word' id='word_1_100' title='bbox 922 1645 1110 1709; x_wconf 79' lang='lat' dir='ltr'><strong>infectiones</strong></span> <span class='ocrx_word' id='word_1_101' title='bbox 1130 1644 1168 1707; x_wconf 92' lang='lat' dir='ltr'><strong>in</strong></span> <span class='ocrx_word' id='word_1_102' title='bbox 1192 1652 1289 1707; x_wconf 72' lang='lat' dir='ltr'><strong>vetnit</strong></span> 
     </span>
     <span class='ocr_line' id='line_1_14' title="bbox 149 1747 1289 1835; baseline -0.001 -24"><span class='ocrx_word' id='word_1_103' title='bbox 149 1751 276 1832; x_wconf 84' lang='lat' dir='ltr'><strong>lingua,</strong></span> <span class='ocrx_word' id='word_1_104' title='bbox 302 1751 358 1811; x_wconf 89' lang='lat' dir='ltr'><strong>sed</strong></span> <span class='ocrx_word' id='word_1_105' title='bbox 378 1772 578 1832; x_wconf 83' lang='lat' dir='ltr'><strong>nequaquam</strong></span> <span class='ocrx_word' id='word_1_106' title='bbox 595 1752 675 1813; x_wconf 88' lang='lat' dir='ltr'><strong>tanti</strong></span> <span class='ocrx_word' id='word_1_107' title='bbox 690 1754 848 1829; x_wconf 85' lang='lat' dir='ltr'><strong>ambitus,</strong></span> <span class='ocrx_word' id='word_1_108' title='bbox 872 1765 1029 1835; x_wconf 90' lang='lat' dir='ltr'><strong>quantum</strong></span> <span class='ocrx_word' id='word_1_109' title='bbox 1043 1762 1206 1833; x_wconf 81' lang='lat' dir='ltr'><strong>occupant</strong></span> <span class='ocrx_word' id='word_1_110' title='bbox 1220 1747 1253 1811; x_wconf 92' lang='lat' dir='ltr'><strong>in</strong></span> <span class='ocrx_word' id='word_1_111' title='bbox 1265 1768 1289 1809; x_wconf 80' lang='lat' dir='ltr'><strong>rt</strong></span> 
     </span>
     <span class='ocr_line' id='line_1_15' title="bbox 148 1851 1289 1938; baseline -0.004 -21"><span class='ocrx_word' id='word_1_112' title='bbox 148 1855 297 1917; x_wconf 87' lang='lat' dir='ltr'><strong>centiore.</strong></span> <span class='ocrx_word' id='word_1_113' title='bbox 338 1855 591 1918; x_wconf 88' lang='lat' dir='ltr'><strong>Infectionis</strong></span> <span class='ocrx_word' id='word_1_114' title='bbox 623 1858 782 1919; x_wconf 90' lang='lat' dir='ltr'><strong>nasalis</strong></span> <span class='ocrx_word' id='word_1_115' title='bbox 804 1858 896 1920; x_wconf 88' lang='lat' dir='ltr'><strong>initia</strong></span> <span class='ocrx_word' id='word_1_116' title='bbox 917 1856 986 1938; x_wconf 90' lang='lat' dir='ltr'><strong>jam</strong></span> <span class='ocrx_word' id='word_1_117' title='bbox 1010 1854 1254 1937; x_wconf 87' lang='lat' dir='ltr'><strong>conspiciuntur</strong></span> <span class='ocrx_word' id='word_1_118' title='bbox 1275 1851 1289 1913; x_wconf 73' lang='lat' dir='ltr'><strong>ir</strong></span> 
     </span>
     <span class='ocr_line' id='line_1_16' title="bbox 148 1956 1289 2051; baseline -0.001 -30"><span class='ocrx_word' id='word_1_119' title='bbox 148 1960 281 2022; x_wconf 88' lang='lat' dir='ltr'><strong>vetustis</strong></span> <span class='ocrx_word' id='word_1_120' title='bbox 300 1960 413 2043; x_wconf 83' lang='lat' dir='ltr'><strong>glossis</strong></span> <span class='ocrx_word' id='word_1_121' title='bbox 434 1960 603 2022; x_wconf 86' lang='lat' dir='ltr'><strong>hibernicis</strong></span> <span class='ocrx_word' id='word_1_122' title='bbox 625 1973 656 2023; x_wconf 90' lang='lat' dir='ltr'><strong>et</strong></span> <span class='ocrx_word' id='word_1_123' title='bbox 671 1964 853 2051; x_wconf 67' lang='lat' dir='ltr'><strong>sambucis,</strong></span> <span class='ocrx_word' id='word_1_124' title='bbox 879 1983 985 2025; x_wconf 87' lang='lat' dir='ltr'><strong>cume.</strong></span> <span class='ocrx_word' id='word_1_125' title='bbox 1006 1982 1054 2043; x_wconf 90' lang='lat' dir='ltr'><strong>gr.</strong></span> <span class='ocrx_word' id='word_1_126' title='bbox 1072 1958 1226 2022; x_wconf 83' lang='lat' dir='ltr'><strong>scribitur</strong></span> <span class='ocrx_word' id='word_1_127' title='bbox 1244 1956 1289 2021; x_wconf 84' lang='lat' dir='ltr'><strong>bil</strong></span> 
     </span>
     <span class='ocr_line' id='line_1_17' title="bbox 147 2063 1289 2150; baseline -0.001 -23"><span class='ocrx_word' id='word_1_128' title='bbox 147 2063 258 2143; x_wconf 80' lang='lat' dir='ltr'><strong>imme,</strong></span> <span class='ocrx_word' id='word_1_129' title='bbox 284 2066 376 2141; x_wconf 82' lang='lat' dir='ltr'><strong>imm,</strong></span> <span class='ocrx_word' id='word_1_130' title='bbox 400 2087 458 2148; x_wconf 91' lang='lat' dir='ltr'><strong>pro</strong></span> <span class='ocrx_word' id='word_1_131' title='bbox 483 2066 564 2128; x_wconf 76' lang='lat' dir='ltr'><strong>inibe</strong></span> <span class='ocrx_word' id='word_1_132' title='bbox 584 2070 714 2145; x_wconf 89' lang='lat' dir='ltr'><strong>(vetust.</strong></span> <span class='ocrx_word' id='word_1_133' title='bbox 738 2069 814 2150; x_wconf 81' lang='lat' dir='ltr'><strong>gall.</strong></span> <span class='ocrx_word' id='word_1_134' title='bbox 837 2067 954 2148; x_wconf 83' lang='lat' dir='ltr'><strong>ambr),</strong></span> <span class='ocrx_word' id='word_1_135' title='bbox 980 2077 1013 2128; x_wconf 91' lang='lat' dir='ltr'><strong>et</strong></span> <span class='ocrx_word' id='word_1_136' title='bbox 1038 2067 1159 2128; x_wconf 73' lang='lat' dir='ltr'><strong>(ambr.</strong></span> <span class='ocrx_word' id='word_1_137' title='bbox 1179 2086 1231 2127; x_wconf 86' lang='lat' dir='ltr'><strong>om</strong></span> <span class='ocrx_word' id='word_1_138' title='bbox 1255 2065 1289 2145; x_wconf 88' lang='lat'><strong>(=</strong></span> 
     </span>
     <span class='ocr_line' id='line_1_18' title="bbox 147 2167 1289 2252; baseline -0.001 -20"><span class='ocrx_word' id='word_1_139' title='bbox 147 2174 263 2252; x_wconf 88' lang='lat' dir='ltr'><strong>amm),</strong></span> <span class='ocrx_word' id='word_1_140' title='bbox 289 2182 412 2233; x_wconf 88' lang='lat' dir='ltr'><strong>mutata</strong></span> <span class='ocrx_word' id='word_1_141' title='bbox 431 2173 448 2233; x_wconf 86' lang='lat' dir='ltr'><strong>b</strong></span> <span class='ocrx_word' id='word_1_142' title='bbox 464 2171 497 2233; x_wconf 88' lang='lat' dir='ltr'><strong>iu</strong></span> <span class='ocrx_word' id='word_1_143' title='bbox 514 2193 556 2233; x_wconf 89' lang='lat' dir='ltr'><strong>m.</strong></span> <span class='ocrx_word' id='word_1_144' title='bbox 590 2173 730 2235; x_wconf 75' lang='lat' dir='ltr'><strong>Maxime</strong></span> <span class='ocrx_word' id='word_1_145' title='bbox 745 2173 877 2234; x_wconf 86' lang='lat' dir='ltr'><strong>dilatata</strong></span> <span class='ocrx_word' id='word_1_146' title='bbox 892 2172 1055 2235; x_wconf 90' lang='lat' dir='ltr'><strong>invenitur</strong></span> <span class='ocrx_word' id='word_1_147' title='bbox 1068 2170 1104 2232; x_wconf 89' lang='lat' dir='ltr'><strong>in</strong></span> <span class='ocrx_word' id='word_1_148' title='bbox 1118 2167 1289 2232; x_wconf 74' lang='lat' dir='ltr'><strong>britannio·</strong></span> 
     </span>
     <span class='ocr_line' id='line_1_19' title="bbox 145 2274 1289 2357; baseline 0 -20"><span class='ocrx_word' id='word_1_149' title='bbox 145 2276 328 2357; x_wconf 89' lang='lat' dir='ltr'><strong>praesertim</strong></span> <span class='ocrx_word' id='word_1_150' title='bbox 344 2277 499 2338; x_wconf 78' lang='lat' dir='ltr'><strong>sambrico</strong></span> <span class='ocrx_word' id='word_1_151' title='bbox 514 2278 685 2339; x_wconf 88' lang='lat' dir='ltr'><strong>recentiore</strong></span> <span class='ocrx_word' id='word_1_152' title='bbox 699 2289 731 2339; x_wconf 93' lang='lat' dir='ltr'><strong>et</strong></span> <span class='ocrx_word' id='word_1_153' title='bbox 746 2278 908 2353; x_wconf 89' lang='lat' dir='ltr'><strong>hodierna,</strong></span> <span class='ocrx_word' id='word_1_154' title='bbox 926 2288 964 2339; x_wconf 88' lang='lat' dir='ltr'><strong>ut</strong></span> <span class='ocrx_word' id='word_1_155' title='bbox 977 2288 1011 2339; x_wconf 88' lang='lat' dir='ltr'><strong>et</strong></span> <span class='ocrx_word' id='word_1_156' title='bbox 1024 2276 1059 2338; x_wconf 92' lang='lat' dir='ltr'><strong>in</strong></span> <span class='ocrx_word' id='word_1_157' title='bbox 1074 2274 1240 2338; x_wconf 86' lang='lat' dir='ltr'><strong>hibernica</strong></span> <span class='ocrx_word' id='word_1_158' title='bbox 1252 2274 1289 2336; x_wconf 88' lang='lat' dir='ltr'><strong>bo</strong></span> 
     </span>
     <span class='ocr_line' id='line_1_20' title="bbox 146 2379 1289 2463; baseline -0.001 -20"><span class='ocrx_word' id='word_1_159' title='bbox 146 2381 256 2443; x_wconf 85' lang='lat' dir='ltr'><strong>‹lierna</strong></span> <span class='ocrx_word' id='word_1_160' title='bbox 270 2393 302 2443; x_wconf 92' lang='lat' dir='ltr'><strong>et</strong></span> <span class='ocrx_word' id='word_1_161' title='bbox 316 2381 451 2463; x_wconf 80' lang='lat' dir='ltr'><strong>gaelica,</strong></span> <span class='ocrx_word' id='word_1_162' title='bbox 476 2381 642 2443; x_wconf 80' lang='lat' dir='ltr'><strong>infectio</strong></span> <span class='ocrx_word' id='word_1_163' title='bbox 668 2382 913 2444; x_wconf 90' lang='lat' dir='ltr'><strong>destituens.</strong></span> <span class='ocrx_word' id='word_1_164' title='bbox 946 2381 1191 2444; x_wconf 89' lang='lat' dir='ltr'><strong>Hancomnino</strong></span> <span class='ocrx_word' id='word_1_165' title='bbox 1205 2379 1289 2443; x_wconf 85' lang='lat' dir='ltr'><strong>adbu</strong></span> 
     </span>
     <span class='ocr_line' id='line_1_21' title="bbox 145 2485 1289 2568; baseline 0.001 -21"><span class='ocrx_word' id='word_1_166' title='bbox 145 2485 270 2567; x_wconf 86' lang='lat' dir='ltr'><strong>ignorat</strong></span> <span class='ocrx_word' id='word_1_167' title='bbox 293 2486 403 2567; x_wconf 85' lang='lat' dir='ltr'><strong>lingua</strong></span> <span class='ocrx_word' id='word_1_168' title='bbox 423 2496 547 2547; x_wconf 83' lang='lat' dir='ltr'><strong>vetusta</strong></span> <span class='ocrx_word' id='word_1_169' title='bbox 562 2485 740 2563; x_wconf 86' lang='lat' dir='ltr'><strong>hibernica,</strong></span> <span class='ocrx_word' id='word_1_170' title='bbox 763 2487 876 2568; x_wconf 88' lang='lat' dir='ltr'><strong>inqua</strong></span> <span class='ocrx_word' id='word_1_171' title='bbox 894 2497 972 2549; x_wconf 91' lang='lat' dir='ltr'><strong>sunt</strong></span> <span class='ocrx_word' id='word_1_172' title='bbox 993 2507 1084 2548; x_wconf 90' lang='lat' dir='ltr'><strong>voces</strong></span> <span class='ocrx_word' id='word_1_173' title='bbox 1105 2507 1134 2547; x_wconf 90' lang='lat' dir='ltr'><strong>e.</strong></span> <span class='ocrx_word' id='word_1_174' title='bbox 1152 2507 1203 2568; x_wconf 91' lang='lat' dir='ltr'><strong>gr.</strong></span> <span class='ocrx_word' id='word_1_175' title='bbox 1220 2505 1289 2548; x_wconf 70' lang='lat' dir='ltr'><strong>ocus</strong></span> 
     </span>
     <span class='ocr_line' id='line_1_22' title="bbox 145 2591 1289 2673; baseline 0.002 -23"><span class='ocrx_word' id='word_1_176' title='bbox 145 2611 238 2651; x_wconf 71' lang='lat' dir='ltr'><strong>aoeies</strong></span> <span class='ocrx_word' id='word_1_177' title='bbox 254 2592 348 2670; x_wconf 87' lang='lat' dir='ltr'><strong>(part.</strong></span> <span class='ocrx_word' id='word_1_178' title='bbox 364 2601 406 2665; x_wconf 92' lang='lat' dir='ltr'><strong>et,</strong></span> <span class='ocrx_word' id='word_1_179' title='bbox 421 2591 521 2651; x_wconf 89' lang='lat' dir='ltr'><strong>subst.</strong></span> <span class='ocrx_word' id='word_1_180' title='bbox 536 2592 707 2672; x_wconf 86' lang='lat' dir='ltr'><strong>vicinitas),</strong></span> <span class='ocrx_word' id='word_1_181' title='bbox 722 2601 834 2654; x_wconf 77' lang='lat' dir='ltr'><strong>cretem</strong></span> <span class='ocrx_word' id='word_1_182' title='bbox 848 2593 966 2673; x_wconf 87' lang='lat' dir='ltr'><strong>(fides),</strong></span> <span class='ocrx_word' id='word_1_183' title='bbox 981 2592 1029 2653; x_wconf 66' lang='lat' dir='ltr'><strong>cet</strong></span> <span class='ocrx_word' id='word_1_184' title='bbox 1042 2593 1216 2672; x_wconf 89' lang='lat' dir='ltr'><strong>(centum),</strong></span> <span class='ocrx_word' id='word_1_185' title='bbox 1230 2611 1289 2673; x_wconf 70' lang='lat' dir='ltr'><strong>quo</strong></span> 
     </span>
     <span class='ocr_line' id='line_1_23' title="bbox 145 2694 1289 2777; baseline 0.002 -22"><span class='ocrx_word' id='word_1_186' title='bbox 145 2694 239 2757; x_wconf 89' lang='lat' dir='ltr'><strong>hodie</strong></span> <span class='ocrx_word' id='word_1_187' title='bbox 261 2694 442 2756; x_wconf 89' lang='lat' dir='ltr'><strong>scribuntur</strong></span> <span class='ocrx_word' id='word_1_188' title='bbox 464 2717 562 2777; x_wconf 71' lang='lat' dir='ltr'><strong>opus,</strong></span> <span class='ocrx_word' id='word_1_189' title='bbox 587 2698 729 2772; x_wconf 72' lang='lat' dir='ltr'><strong>credent,</strong></span> <span class='ocrx_word' id='word_1_190' title='bbox 755 2698 842 2759; x_wconf 83' lang='lat' dir='ltr'><strong>ce&#39;od.</strong></span> <span class='ocrx_word' id='word_1_191' title='bbox 880 2698 949 2759; x_wconf 88' lang='lat' dir='ltr'><strong>Nec</strong></span> <span class='ocrx_word' id='word_1_192' title='bbox 970 2708 1115 2758; x_wconf 85' lang='lat' dir='ltr'><strong>vetustae</strong></span> <span class='ocrx_word' id='word_1_193' title='bbox 1135 2695 1289 2758; x_wconf 79' lang='lat' dir='ltr'><strong>cambrioo</strong></span> 
     </span>
     <span class='ocr_line' id='line_1_24' title="bbox 143 2799 1289 2882; baseline 0.003 -22"><span class='ocrx_word' id='word_1_194' title='bbox 143 2799 265 2880; x_wconf 84' lang='lat' dir='ltr'><strong>glossae</strong></span> <span class='ocrx_word' id='word_1_195' title='bbox 275 2799 344 2882; x_wconf 87' lang='lat' dir='ltr'><strong>jam</strong></span> <span class='ocrx_word' id='word_1_196' title='bbox 359 2801 538 2863; x_wconf 89' lang='lat' dir='ltr'><strong>destituunt</strong></span> <span class='ocrx_word' id='word_1_197' title='bbox 555 2812 665 2863; x_wconf 88' lang='lat' dir='ltr'><strong>tenues</strong></span> <span class='ocrx_word' id='word_1_198' title='bbox 681 2801 713 2863; x_wconf 92' lang='lat' dir='ltr'><strong>in</strong></span> <span class='ocrx_word' id='word_1_199' title='bbox 730 2801 860 2877; x_wconf 85' lang='lat' dir='ltr'><strong>medias,</strong></span> <span class='ocrx_word' id='word_1_200' title='bbox 875 2803 929 2863; x_wconf 92' lang='lat' dir='ltr'><strong>sed</strong></span> <span class='ocrx_word' id='word_1_201' title='bbox 944 2801 1087 2863; x_wconf 88' lang='lat' dir='ltr'><strong>scribunt</strong></span> <span class='ocrx_word' id='word_1_202' title='bbox 1098 2801 1205 2863; x_wconf 88' lang='lat' dir='ltr'><strong>adhuc</strong></span> <span class='ocrx_word' id='word_1_203' title='bbox 1216 2822 1245 2863; x_wconf 88' lang='lat' dir='ltr'><strong>e.</strong></span> <span class='ocrx_word' id='word_1_204' title='bbox 1257 2820 1289 2882; x_wconf 87' lang='lat' dir='ltr'><strong>gr</strong></span> 
     </span>
     <span class='ocr_line' id='line_1_25' title="bbox 144 2905 1289 2989; baseline 0 -22"><span class='ocrx_word' id='word_1_205' title='bbox 144 2905 310 2968; x_wconf 77' lang='lat' dir='ltr'><strong>louiclictic</strong></span> <span class='ocrx_word' id='word_1_206' title='bbox 324 2906 541 2989; x_wconf 88' lang='lat' dir='ltr'><strong>(pellucidus),</strong></span> <span class='ocrx_word' id='word_1_207' title='bbox 563 2906 676 2969; x_wconf 75' lang='lat' dir='ltr'><strong>cor&#39;toir</strong></span> <span class='ocrx_word' id='word_1_208' title='bbox 691 2909 838 2988; x_wconf 82' lang='lat' dir='ltr'><strong>(pubes),</strong></span> <span class='ocrx_word' id='word_1_209' title='bbox 861 2907 906 2969; x_wconf 76' lang='lat' dir='ltr'><strong>rit</strong></span> <span class='ocrx_word' id='word_1_210' title='bbox 920 2908 1069 2988; x_wconf 84' lang='lat' dir='ltr'><strong>(vadum3</strong></span> <span class='ocrx_word' id='word_1_211' title='bbox 1087 2906 1128 2968; x_wconf 80' lang='lat' dir='ltr'><strong>cf.</strong></span> <span class='ocrx_word' id='word_1_212' title='bbox 1146 2909 1289 2988; x_wconf 85' lang='lat' dir='ltr'><strong>Augusto</strong></span> 
     </span>
     <span class='ocr_line' id='line_1_26' title="bbox 143 3010 1288 3095; baseline 0.001 -23"><span class='ocrx_word' id='word_1_213' title='bbox 143 3010 256 3086; x_wconf 89' lang='lat' dir='ltr'><strong>ritum,</strong></span> <span class='ocrx_word' id='word_1_214' title='bbox 274 3011 399 3074; x_wconf 87' lang='lat' dir='ltr'><strong>Galliae</strong></span> <span class='ocrx_word' id='word_1_215' title='bbox 415 3012 597 3095; x_wconf 90' lang='lat' dir='ltr'><strong>oppidum),</strong></span> <span class='ocrx_word' id='word_1_216' title='bbox 622 3034 695 3092; x_wconf 82' lang='lat' dir='ltr'><strong>mop</strong></span> <span class='ocrx_word' id='word_1_217' title='bbox 711 3012 838 3093; x_wconf 86' lang='lat' dir='ltr'><strong>(filius),</strong></span> <span class='ocrx_word' id='word_1_218' title='bbox 863 3011 931 3092; x_wconf 80' lang='lat' dir='ltr'><strong>erip</strong></span> <span class='ocrx_word' id='word_1_219' title='bbox 953 3014 1108 3092; x_wconf 87' lang='lat' dir='ltr'><strong>(pecten),</strong></span> <span class='ocrx_word' id='word_1_220' title='bbox 1133 3033 1217 3093; x_wconf 87' lang='lat' dir='ltr'><strong>quae</strong></span> <span class='ocrx_word' id='word_1_221' title='bbox 1231 3031 1288 3073; x_wconf 92' lang='lat' dir='ltr'><strong>sun</strong></span> 
     </span>
     <span class='ocr_line' id='line_1_27' title="bbox 144 3113 1289 3201; baseline -0.002 -23"><span class='ocrx_word' id='word_1_222' title='bbox 144 3116 235 3179; x_wconf 90' lang='lat' dir='ltr'><strong>hodie</strong></span> <span class='ocrx_word' id='word_1_223' title='bbox 251 3117 477 3201; x_wconf 76' lang='lat' dir='ltr'><strong>llywyohedr&#39;9‚</strong></span> <span class='ocrx_word' id='word_1_224' title='bbox 502 3119 611 3194; x_wconf 84' lang='lat' dir='ltr'><strong>cedor,</strong></span> <span class='ocrx_word' id='word_1_225' title='bbox 630 3119 710 3200; x_wconf 83' lang='lat' dir='ltr'><strong>ryd,</strong></span> <span class='ocrx_word' id='word_1_226' title='bbox 728 3118 818 3192; x_wconf 82' lang='lat' dir='ltr'><strong>mab,</strong></span> <span class='ocrx_word' id='word_1_227' title='bbox 836 3116 913 3178; x_wconf 85' lang='lat' dir='ltr'><strong>crib.</strong></span> <span class='ocrx_word' id='word_1_228' title='bbox 946 3117 989 3177; x_wconf 91' lang='lat' dir='ltr'><strong>Et</strong></span> <span class='ocrx_word' id='word_1_229' title='bbox 1009 3114 1107 3197; x_wconf 89' lang='lat' dir='ltr'><strong>hujus</strong></span> <span class='ocrx_word' id='word_1_230' title='bbox 1127 3126 1236 3177; x_wconf 84' lang='lat' dir='ltr'><strong>tamen</strong></span> <span class='ocrx_word' id='word_1_231' title='bbox 1258 3113 1289 3175; x_wconf 88' lang='lat' dir='ltr'><strong>in</strong></span> 
     </span>
     <span class='ocr_line' id='line_1_28' title="bbox 141 3219 1289 3301; baseline 0 -19"><span class='ocrx_word' id='word_1_232' title='bbox 141 3221 286 3283; x_wconf 82' lang='lat' dir='ltr'><strong>fectionis</strong></span> <span class='ocrx_word' id='word_1_233' title='bbox 308 3222 400 3284; x_wconf 88' lang='lat' dir='ltr'><strong>initia</strong></span> <span class='ocrx_word' id='word_1_234' title='bbox 430 3233 479 3284; x_wconf 89' lang='lat' dir='ltr'><strong>sat</strong></span> <span class='ocrx_word' id='word_1_235' title='bbox 499 3233 624 3284; x_wconf 85' lang='lat' dir='ltr'><strong>vetusta</strong></span> <span class='ocrx_word' id='word_1_236' title='bbox 644 3243 712 3283; x_wconf 90' lang='lat' dir='ltr'><strong>esse</strong></span> <span class='ocrx_word' id='word_1_237' title='bbox 734 3223 929 3283; x_wconf 87' lang='lat' dir='ltr'><strong>demonstrat</strong></span> <span class='ocrx_word' id='word_1_238' title='bbox 950 3243 1015 3283; x_wconf 91' lang='lat' dir='ltr'><strong>non</strong></span> <span class='ocrx_word' id='word_1_239' title='bbox 1035 3221 1139 3283; x_wconf 91' lang='lat' dir='ltr'><strong>solum</strong></span> <span class='ocrx_word' id='word_1_240' title='bbox 1161 3219 1289 3301; x_wconf 63' lang='lat' dir='ltr'><strong>media(</strong></span> 
     </span>
     <span class='ocr_line' id='line_1_29' title="bbox 141 3324 1289 3407; baseline 0.001 -22"><span class='ocrx_word' id='word_1_241' title='bbox 141 3326 257 3386; x_wconf 86' lang='lat' dir='ltr'><strong>finiens</strong></span> <span class='ocrx_word' id='word_1_242' title='bbox 281 3326 405 3407; x_wconf 89' lang='lat' dir='ltr'><strong>saepius</strong></span> <span class='ocrx_word' id='word_1_243' title='bbox 421 3348 552 3387; x_wconf 85' lang='lat' dir='ltr'><strong>excussa</strong></span> <span class='ocrx_word' id='word_1_244' title='bbox 568 3327 748 3407; x_wconf 89' lang='lat' dir='ltr'><strong>(destituta)</strong></span> <span class='ocrx_word' id='word_1_245' title='bbox 764 3327 797 3387; x_wconf 90' lang='lat' dir='ltr'><strong>in</strong></span> <span class='ocrx_word' id='word_1_246' title='bbox 814 3326 925 3387; x_wconf 88' lang='lat' dir='ltr'><strong>iisdem</strong></span> <span class='ocrx_word' id='word_1_247' title='bbox 938 3325 1052 3406; x_wconf 89' lang='lat' dir='ltr'><strong>glossis</strong></span> <span class='ocrx_word' id='word_1_248' title='bbox 1067 3324 1250 3399; x_wconf 77' lang='lat' dir='ltr'><strong>cumbricis,</strong></span> <span class='ocrx_word' id='word_1_249' title='bbox 1272 3343 1289 3385; x_wconf 82' lang='lat' dir='ltr'><strong>e</strong></span> 
     </span>
     <span class='ocr_line' id='line_1_30' title="bbox 142 3428 1289 3512; baseline 0.003 -24"><span class='ocrx_word' id='word_1_250' title='bbox 142 3439 207 3489; x_wconf 85' lang='lat' dir='ltr'><strong>tam</strong></span> <span class='ocrx_word' id='word_1_251' title='bbox 221 3428 336 3489; x_wconf 90' lang='lat' dir='ltr'><strong>finiens</strong></span> <span class='ocrx_word' id='word_1_252' title='bbox 352 3451 447 3510; x_wconf 88' lang='lat' dir='ltr'><strong>quam</strong></span> <span class='ocrx_word' id='word_1_253' title='bbox 462 3430 587 3492; x_wconf 88' lang='lat' dir='ltr'><strong>interna</strong></span> <span class='ocrx_word' id='word_1_254' title='bbox 599 3431 632 3492; x_wconf 91' lang='lat' dir='ltr'><strong>in</strong></span> <span class='ocrx_word' id='word_1_255' title='bbox 644 3431 772 3493; x_wconf 89' lang='lat' dir='ltr'><strong>vocibus</strong></span> <span class='ocrx_word' id='word_1_256' title='bbox 784 3431 911 3512; x_wconf 83' lang='lat' dir='ltr'><strong>linguae</strong></span> <span class='ocrx_word' id='word_1_257' title='bbox 924 3450 1072 3491; x_wconf 89' lang='lat' dir='ltr'><strong>romanae</strong></span> <span class='ocrx_word' id='word_1_258' title='bbox 1081 3428 1217 3512; x_wconf 82' lang='lat' dir='ltr'><strong>gallicae</strong></span> <span class='ocrx_word' id='word_1_259' title='bbox 1228 3429 1289 3491; x_wconf 75' lang='lat' dir='ltr'><strong>ade</strong></span> 
     </span>
     <span class='ocr_line' id='line_1_31' title="bbox 140 3530 1289 3618; baseline 0.005 -28"><span class='ocrx_word' id='word_1_260' title='bbox 140 3530 375 3606; x_wconf 87' lang='lat' dir='ltr'><strong>vetustioribus,</strong></span> <span class='ocrx_word' id='word_1_261' title='bbox 385 3534 440 3593; x_wconf 90' lang='lat' dir='ltr'><strong>sed</strong></span> <span class='ocrx_word' id='word_1_262' title='bbox 452 3532 547 3594; x_wconf 86' lang='lat' dir='ltr'><strong>etiam</strong></span> <span class='ocrx_word' id='word_1_263' title='bbox 561 3537 705 3596; x_wconf 85' lang='lat' dir='ltr'><strong>tenuium</strong></span> <span class='ocrx_word' id='word_1_264' title='bbox 717 3537 857 3618; x_wconf 88' lang='lat' dir='ltr'><strong>ipsarum</strong></span> <span class='ocrx_word' id='word_1_265' title='bbox 868 3534 1033 3596; x_wconf 87' lang='lat' dir='ltr'><strong>destitutio</strong></span> <span class='ocrx_word' id='word_1_266' title='bbox 1045 3533 1137 3596; x_wconf 83' lang='lat' dir='ltr'><strong>obvia</strong></span> <span class='ocrx_word' id='word_1_267' title='bbox 1147 3533 1185 3596; x_wconf 91' lang='lat' dir='ltr'><strong>in</strong></span> <span class='ocrx_word' id='word_1_268' title='bbox 1196 3534 1289 3596; x_wconf 70' lang='lat' dir='ltr'><strong>ead·</strong></span> 
     </span>
     <span class='ocr_line' id='line_1_32' title="bbox 139 3634 1289 3722; baseline 0.006 -27"><span class='ocrx_word' id='word_1_269' title='bbox 139 3634 251 3716; x_wconf 84' lang='lat' dir='ltr'><strong>lingua</strong></span> <span class='ocrx_word' id='word_1_270' title='bbox 264 3635 378 3716; x_wconf 84' lang='lat' dir='ltr'><strong>gallica</strong></span> <span class='ocrx_word' id='word_1_271' title='bbox 393 3658 469 3698; x_wconf 87' lang='lat' dir='ltr'><strong>aevo</strong></span> <span class='ocrx_word' id='word_1_272' title='bbox 484 3649 605 3700; x_wconf 88' lang='lat' dir='ltr'><strong>certum</strong></span> <span class='ocrx_word' id='word_1_273' title='bbox 621 3641 821 3722; x_wconf 83' lang='lat' dir='ltr'><strong>carolingico,</strong></span> <span class='ocrx_word' id='word_1_274' title='bbox 840 3641 873 3701; x_wconf 92' lang='lat' dir='ltr'><strong>in</strong></span> <span class='ocrx_word' id='word_1_275' title='bbox 889 3639 1049 3701; x_wconf 84' lang='lat' dir='ltr'><strong>codicibus</strong></span> <span class='ocrx_word' id='word_1_276' title='bbox 1064 3637 1186 3701; x_wconf 86' lang='lat' dir='ltr'><strong>scilicet</strong></span> <span class='ocrx_word' id='word_1_277' title='bbox 1205 3650 1289 3701; x_wconf 77' lang='lat' dir='ltr'><strong>terra</strong></span> 
     </span>
     <span class='ocr_line' id='line_1_33' title="bbox 139 3739 1289 3827; baseline 0.004 -26"><span class='ocrx_word' id='word_1_278' title='bbox 139 3739 331 3802; x_wconf 89' lang='lat' dir='ltr'><strong>continentis</strong></span> <span class='ocrx_word' id='word_1_279' title='bbox 357 3741 425 3823; x_wconf 91' lang='lat' dir='ltr'><strong>ejus</strong></span> <span class='ocrx_word' id='word_1_280' title='bbox 451 3744 520 3804; x_wconf 89' lang='lat' dir='ltr'><strong>aevi</strong></span> <span class='ocrx_word' id='word_1_281' title='bbox 547 3745 596 3806; x_wconf 85' lang='lat' dir='ltr'><strong>vel</strong></span> <span class='ocrx_word' id='word_1_282' title='bbox 622 3745 718 3807; x_wconf 79' lang='lat' dir='ltr'><strong>etiam</strong></span> <span class='ocrx_word' id='word_1_283' title='bbox 735 3746 803 3827; x_wconf 87' lang='lat' dir='ltr'><strong>jam</strong></span> <span class='ocrx_word' id='word_1_284' title='bbox 825 3744 948 3826; x_wconf 90' lang='lat' dir='ltr'><strong>prioris.</strong></span> <span class='ocrx_word' id='word_1_285' title='bbox 981 3742 1137 3825; x_wconf 86' lang='lat' dir='ltr'><strong>Exempla</strong></span> <span class='ocrx_word' id='word_1_286' title='bbox 1157 3742 1243 3806; x_wconf 85' lang='lat' dir='ltr'><strong>infra</strong></span> <span class='ocrx_word' id='word_1_287' title='bbox 1256 3763 1289 3805; x_wconf 86' lang='lat' dir='ltr'><strong>se</strong></span> 
     </span>
     <span class='ocr_line' id='line_1_34' title="bbox 138 3846 1114 3928; baseline 0.002 -21"><span class='ocrx_word' id='word_1_288' title='bbox 138 3856 277 3928; x_wconf 87' lang='lat' dir='ltr'><strong>quentur</strong></span> <span class='ocrx_word' id='word_1_289' title='bbox 292 3846 326 3908; x_wconf 90' lang='lat' dir='ltr'><strong>in</strong></span> <span class='ocrx_word' id='word_1_290' title='bbox 341 3846 440 3908; x_wconf 89' lang='lat' dir='ltr'><strong>classe</strong></span> <span class='ocrx_word' id='word_1_291' title='bbox 455 3849 631 3913; x_wconf 85' lang='lat' dir='ltr'><strong>mediarum</strong></span> <span class='ocrx_word' id='word_1_292' title='bbox 645 3862 678 3912; x_wconf 92' lang='lat' dir='ltr'><strong>et</strong></span> <span class='ocrx_word' id='word_1_293' title='bbox 693 3850 839 3912; x_wconf 86' lang='lat' dir='ltr'><strong>tenuium</strong></span> <span class='ocrx_word' id='word_1_294' title='bbox 853 3848 1114 3911; x_wconf 83' lang='lat' dir='ltr'><strong>britannicarum.</strong></span> 
     </span>
    </p>

    <p class='ocr_par' dir='ltr' id='par_1_5' title="bbox 135 3950 1289 4351">
     <span class='ocr_line' id='line_1_35' title="bbox 222 3950 1289 4036; baseline 0.001 -24"><span class='ocrx_word' id='word_1_295' title='bbox 222 3950 403 4014; x_wconf 87' lang='lat' dir='ltr'><strong>Dicendum</strong></span> <span class='ocrx_word' id='word_1_296' title='bbox 419 3975 506 4015; x_wconf 91' lang='lat' dir='ltr'><strong>nunc</strong></span> <span class='ocrx_word' id='word_1_297' title='bbox 520 3954 660 4036; x_wconf 90' lang='lat' dir='ltr'><strong>primum</strong></span> <span class='ocrx_word' id='word_1_298' title='bbox 674 3957 713 4016; x_wconf 91' lang='lat' dir='ltr'><strong>de</strong></span> <span class='ocrx_word' id='word_1_299' title='bbox 729 3966 843 4016; x_wconf 88' lang='lat' dir='ltr'><strong>natura</strong></span> <span class='ocrx_word' id='word_1_300' title='bbox 858 3967 891 4016; x_wconf 89' lang='lat' dir='ltr'><strong>et</strong></span> <span class='ocrx_word' id='word_1_301' title='bbox 905 3953 1075 4016; x_wconf 84' lang='lat' dir='ltr'><strong>infectione</strong></span> <span class='ocrx_word' id='word_1_302' title='bbox 1091 3972 1289 4014; x_wconf 88' lang='lat' dir='ltr'><strong>consonarun</strong></span> 
     </span>
     <span class='ocr_line' id='line_1_36' title="bbox 135 4055 1289 4140; baseline 0.001 -22"><span class='ocrx_word' id='word_1_303' title='bbox 135 4056 320 4138; x_wconf 84' lang='lat' dir='ltr'><strong>praesertim</strong></span> <span class='ocrx_word' id='word_1_304' title='bbox 340 4057 536 4120; x_wconf 85' lang='lat' dir='ltr'><strong>intemarum</strong></span> <span class='ocrx_word' id='word_1_305' title='bbox 563 4071 594 4121; x_wconf 89' lang='lat' dir='ltr'><strong>et</strong></span> <span class='ocrx_word' id='word_1_306' title='bbox 618 4060 800 4122; x_wconf 86' lang='lat' dir='ltr'><strong>finientium</strong></span> <span class='ocrx_word' id='word_1_307' title='bbox 823 4060 878 4140; x_wconf 90' lang='lat' dir='ltr'><strong>(de</strong></span> <span class='ocrx_word' id='word_1_308' title='bbox 905 4057 1052 4120; x_wconf 90' lang='lat' dir='ltr'><strong>consonis</strong></span> <span class='ocrx_word' id='word_1_309' title='bbox 1073 4055 1289 4138; x_wconf 87' lang='lat' dir='ltr'><strong>incipientibu</strong></span> 
     </span>
     <span class='ocr_line' id='line_1_37' title="bbox 136 4161 1289 4246; baseline 0.003 -25"><span class='ocrx_word' id='word_1_310' title='bbox 136 4181 226 4223; x_wconf 81' lang='lat' dir='ltr'><strong>voces</strong></span> <span class='ocrx_word' id='word_1_311' title='bbox 242 4161 275 4223; x_wconf 87' lang='lat' dir='ltr'><strong>in</strong></span> <span class='ocrx_word' id='word_1_312' title='bbox 291 4175 443 4244; x_wconf 88' lang='lat' dir='ltr'><strong>sequente</strong></span> <span class='ocrx_word' id='word_1_313' title='bbox 458 4162 586 4246; x_wconf 89' lang='lat' dir='ltr'><strong>capite),</strong></span> <span class='ocrx_word' id='word_1_314' title='bbox 604 4164 780 4227; x_wconf 89' lang='lat' dir='ltr'><strong>secundum</strong></span> <span class='ocrx_word' id='word_1_315' title='bbox 795 4163 938 4226; x_wconf 88' lang='lat' dir='ltr'><strong>ordinem</strong></span> <span class='ocrx_word' id='word_1_316' title='bbox 953 4161 1114 4236; x_wconf 89' lang='lat' dir='ltr'><strong>classium,</strong></span> <span class='ocrx_word' id='word_1_317' title='bbox 1136 4161 1215 4243; x_wconf 85' lang='lat' dir='ltr'><strong>quio</strong></span> <span class='ocrx_word' id='word_1_318' title='bbox 1230 4183 1289 4224; x_wconf 87' lang='lat' dir='ltr'><strong>oon</strong></span> 
     </span>
     <span class='ocr_line' id='line_1_38' title="bbox 136 4265 1289 4351; baseline 0.003 -27"><span class='ocrx_word' id='word_1_319' title='bbox 136 4284 231 4325; x_wconf 91' lang='lat' dir='ltr'><strong>sonae</strong></span> <span class='ocrx_word' id='word_1_320' title='bbox 246 4265 399 4349; x_wconf 87' lang='lat' dir='ltr'><strong>cujusque</strong></span> <span class='ocrx_word' id='word_1_321' title='bbox 411 4268 519 4330; x_wconf 89' lang='lat' dir='ltr'><strong>classis</strong></span> <span class='ocrx_word' id='word_1_322' title='bbox 531 4267 717 4351; x_wconf 89' lang='lat' dir='ltr'><strong>plerumque</strong></span> <span class='ocrx_word' id='word_1_323' title='bbox 729 4269 921 4331; x_wconf 83' lang='lat' dir='ltr'><strong>concordant</strong></span> <span class='ocrx_word' id='word_1_324' title='bbox 932 4268 1015 4330; x_wconf 88' lang='lat' dir='ltr'><strong>inter</strong></span> <span class='ocrx_word' id='word_1_325' title='bbox 1026 4288 1060 4329; x_wconf 90' lang='lat' dir='ltr'><strong>se</strong></span> <span class='ocrx_word' id='word_1_326' title='bbox 1071 4266 1105 4327; x_wconf 92' lang='lat' dir='ltr'><strong>in</strong></span> <span class='ocrx_word' id='word_1_327' title='bbox 1117 4265 1289 4329; x_wconf 83' lang='lat' dir='ltr'><strong>infectione</strong></span> 
     </span>
    </p>
   </div>
   <div class='ocr_carea' id='block_1_4' title="bbox 0 0 1452 4980">
    <p class='ocr_par' dir='ltr' id='par_1_6' title="bbox 0 0 1452 4980">
     <span class='ocr_line' id='line_1_39' title="bbox 0 0 1452 4980; baseline 0 2"><span class='ocrx_word' id='word_1_328' title='bbox 0 0 1452 4980; x_wconf 95' lang='lat' dir='ltr'><strong> </strong></span> 
     </span>
    </p>
   </div>
  </div>
 </body>
</html>
