2896 4980
139 333 201 395 536
306 330 372 392 III.
394 335 424 392 2.
457 350 597 392 vnnnnn
614 349 848 392 sninssnicnss
864 348 1134 394 susensnnivmi.

140 524 212 565 sum
227 504 288 581 est)
306 503 336 575 2,
352 505 383 560 0.
402 498 528 562 decedet
542 499 636 584 ezedy
653 502 868 580 (mortuaest)
884 505 956 575 146,
975 505 1024 559 11.
1051 498 1141 561 Plur.
1159 506 1184 560 1.
1195 521 1267 582 peis:

134 628 204 689 pate
227 606 338 686 edomp
361 624 457 666 aman
480 603 581 667 didon
605 613 676 668 cont
690 605 779 687 (quin
800 625 911 668 sumus
926 603 980 666 hic
994 604 1056 666 sub
1072 602 1165 687 silva)
1180 610 1221 681 33,
1235 609 1270 667 tt.

136 733 207 794 pan
221 709 361 773 aedoeon
375 710 514 785 bremen,
521 730 591 791 pan
603 711 743 774 aedoeon
753 730 849 774 amon
861 713 950 792 (eum
961 708 1038 772 estis
1049 731 1148 785 nune,
1157 709 1214 791 hie)
1222 715 1272 786 112,

144 825 174 879 8.
196 821 246 877 12.
280 817 387 878 Prnes.
406 815 537 877 secund.
550 837 557 876 :
582 835 631 877 me
645 816 762 879 aedoae
777 837 830 879 ma
843 815 954 880 henan
968 824 1078 879 manet
1093 818 1190 897 (emm
1201 815 1273 891 solus,

142 920 197 1004 qui
211 930 422 994 remanseran
439 950 483 972 =
497 921 613 983 cambr.
630 921 750 1005 ytioed)
767 926 819 997 00,
840 928 868 982 1.

228 1025 334 1089 Rndix
356 1026 465 1087 eadem
481 1023 665 1086 combrice
652 1025 802 1108 jungitur
816 1047 889 1088 cum
904 1024 959 1101 IS,
976 1024 1032 1088 vix
1047 1025 1243 1090 discernende
1253 1027 1279 1089 ab

142 1132 182 1207 ι’,8
200 1152 236 1194 as
255 1129 418 1192 hibernico
433 1133 479 1211 (p.
498 1132 586 1211 416),
604 1140 670 1193 tam
689 1130 724 1193 in
743 1129 847 1213 priore
862 1129 942 1208 loeo,
960 1152 1057 1213 quam
1074 1129 1112 1194 in
1126 1133 1335 1241 posterioie

145 1238 219 1300 Una
242 1247 347 1299 tamen
368 1234 468 1297 forma
490 1244 539 1297 est
559 1234 725 1318 positionis
740 1234 914 1311 absolutae,
931 1235 1032 1298 altere
1045 1236 1216 1300 relativae
1207 1260 1237 1300 ιιι
1248 1200 1335 1299 hisi

144 1341 313 1425 exemplis:
343 1339 566 1426 nyykarchoru
593 1342 641 1425 ycl
658 1341 739 1426 ydys
762 1338 906 1402 oechaws
926 1339 1108 1407 marobotos
1130 1341 1284 1426 (eaptivitas

143 1470 214 1511 mea
228 1458 277 1511 est
291 1458 419 1532 propter
433 1445 586 1528 equitem)
599 1446 687 1508 Mab.
705 1452 734 1521 1,
750 1443 834 1507 31.
819 1466 851 1507 tr
864 1443 993 1508 kennrit
1008 1445 1093 1509 s'sse'd
1106 1447 1226 1532 arisrut
1238 1450 1285 1528 (ve

146 1564 269 1614 tustum
289 1553 418 1626 vadum,
437 1551 522 1632 quod
542 1561 590 1612 est
613 1549 647 1613 in
670 1549 816 1631 flumine)
831 1548 903 1612 Lib.
921 1550 1025 1612 Lnnd.
1046 1558 1099 1614 70.
1124 1561 1210 1638 eteyr
1224 1573 1287 1615 enon

146 1655 221 1719 enit
235 1656 333 1719 endlei
344 1655 392 1736 (in
408 1654 508 1717 tribus
523 1653 609 1729 rivis,
627 1655 683 1737 qui
698 1665 775 1717 sunt
790 1654 848 1735 ibi)
860 1654 938 1737 Leg
954 1657 984 1717 2.
1001 1660 1032 1718 2.
1050 1662 1080 1718 1.
1091 1679 1141 1739 pa
1155 1665 1243 1743 ystyr
1253 1678 1288 1741 ys·

144 1762 208 1845 syd
219 1782 260 1846 yr
276 1759 395 1843 yweidi
407 1759 500 1823 ltwnn
516 1763 611 1842 (quoe
626 1780 733 1836 causa,
751 1781 832 1842 quoe
848 1769 896 1822 est
910 1757 1008 1842 hujus
1022 1760 1170 1824 clamoris
1176 1761 1203 1843 3)
1218 1762 1287 1824 Mo.

147 1873 175 1942 1,
194 1872 243 1928 16.
262 1865 342 1929 ierll
355 1865 465 1929 ienane
478 1864 580 1951 yssyd
589 1866 774 1949 yymodowe
788 1864 839 1928 idi
852 1867 970 1946 (eomes
981 1865 1125 1948 juvenis,
1139 1866 1196 1950 qui
1205 1878 1251 1930 est
1258 1865 1289 1927 ii·

143 1971 234 2034 cinus
250 1971 290 2048 ei,
308 1969 500 2053 comitissae)
519 1977 548 2046 1,
564 1974 615 2032 28.
632 1991 673 2055 yr
687 1970 834 2034 annineil
844 1969 956 2055 hynas
963 1979 1055 2055 yssyt
1067 1994 1135 2057 yny
1150 1973 1204 2057 byt
1215 1971 1291 2035 nen

145 2077 277 2157 (animal
298 2087 400 2141 aetate
419 2075 608 2151 maximum,
626 2076 711 2157 quod
733 2086 781 2139 est
802 2075 837 2138 in
853 2073 913 2137 hoc
927 2075 1062 2157 mundo)
1080 2077 1170 2138 Mab.
1189 2080 1219 2151 2,
1233 2080 1289 2136 233.

146 2183 276 2246 Brevior
297 2182 397 2245 forma
412 2181 484 2245 SIT
500 2181 554 2262 (cf.
571 2181 630 2264 ses
637 2203 694 2264 pro
709 2181 783 2265 s'ses,
801 2203 834 2264 p.
853 2182 948 2260 401):
972 2202 989 2241 o
1005 2178 1049 2243 sit
1062 2201 1149 2245 rann
1163 2205 1184 2267 y
1199 2181 1243 2245 mi
1254 2177 1291 2243 810

145 2288 206 2351 nab
222 2287 259 2351 di
273 2287 314 2369 (si
328 2298 377 2350 est
391 2308 463 2370 pars
477 2286 558 2350 mihi
573 2286 608 2348 in
622 2287 689 2349 filio
705 2290 773 2369 tuo)
789 2287 877 2349 Msb.
897 2291 928 2362 2,
947 2290 1020 2348 208.

229 2392 271 2455 ls
288 2393 365 2467 sole,
379 2391 431 2453 eui
446 2393 527 2454 addo
542 2392 675 2455 sormam
685 2391 786 2455 OES:
805 2390 833 2454 is
848 2413 923 2454 nne.
937 2390 1162 2456 istrimueee'nt.
1176 2390 1205 2456 is
1215 2390 1292 2454 oiim

145 2505 263 2579 aryant
277 2496 331 2577 (cf.
349 2498 503 2579 append.)
518 2495 601 2559 inter
622 2497 741 2579 glossas
757 2497 863 2559 Onon.
896 2497 936 2558 In
952 2497 1060 2559 Man:
1084 2520 1124 2580 ys
1139 2498 1225 2560 drwe
1238 2516 1293 2579 aye

146 2600 309 2686 dymdet'tln
332 2609 424 2663 nnost
444 2601 488 2663 di.
506 2623 544 2663 ac
564 2624 601 2685 ys
617 2604 659 2665 da
680 2598 902 2686 ayedymcleith
923 2601 1074 2685 ayollaist
1094 2601 1132 2664 di
1144 2604 1208 2683 (est
1227 2600 1295 2664 mela

129 2726 133 2733 ·
146 2706 289 2782 societas,
304 2705 337 2768 in
350 2728 411 2788 qua
424 2706 523 2782 fuisti,
539 2719 570 2770 et
583 2718 630 2769 ost
641 2708 724 2769 bona
736 2707 879 2781 societas,
891 2728 987 2788 quam
998 2705 1181 2789 perdidisti)
1196 2709 1292 2783 3‚152.

146 2811 248 2875 laedive
270 2820 328 2897 nyt
348 2834 398 2874 oes
419 2834 492 2896 ary
508 2810 587 2874 helze
602 2833 721 2895 ezanzyn
735 2833 776 2897 yn
791 2834 833 2875 nn
850 2821 882 2896 ty
897 2811 992 2874 hwnn
1008 2810 1118 2892 (hodie
1134 2834 1201 2874 non
1215 2809 1295 2873 estin

144 2917 212 3000 ejus
228 2916 423 3000 possessione
438 2916 501 2979 nisi
516 2916 610 2978 unica
626 2917 702 2978 haec
718 2918 844 2999 domus)
863 2924 891 2993 1,
911 2922 962 2978 28.
983 2918 1087 3002 yofyn
1103 2938 1201 2979 aoruc
1214 2913 1296 2979 orceis

146 3045 217 3086 noes
239 3022 339 3086 naroli
360 3045 398 3085 oc
418 3044 518 3084 orueu
539 3043 579 3106 yr
594 3022 704 3084 t'arlles
720 3021 926 3103 (interrogare
941 3023 997 3098 0.‚
1015 3044 1097 3085 num
1112 3021 1178 3085 sint
1192 3022 1260 3106 equi
1272 3032 1297 3082 et

146 3150 232 3190 arma
247 3127 438 3208 comitissae)
454 3134 482 3203 1,
498 3132 549 3188 29.
567 3151 588 3212 y
605 3129 739 3211 dynant
752 3150 774 3211 y
785 3127 868 3189 mab.
883 3149 955 3190 aoes
967 3127 1139 3191 borthewr.
1155 3151 1205 3193 ees
1217 3126 1297 3210 (dixit

144 3254 239 3314 puer:
258 3254 337 3295 num
352 3244 400 3296 est
414 3232 590 3316 portarius?
606 3234 685 3313 esti)
702 3234 789 3294 stab.
809 3237 840 3307 2,
859 3237 932 3294 201.
999 3263 1004 3274 ·

229 3338 405 3400 Cornice
424 3350 528 3402 exstat
542 3360 608 3400 non
623 3337 727 3399 solum
742 3337 838 3419 hujus
854 3337 966 3400 indicis
982 3338 1076 3401 tertia
1092 3360 1238 3421 persona,
1253 3336 1299 3400 sed

144 3441 239 3503 otiam
254 3442 328 3503 indo
344 3441 515 3505 formatum
530 3464 679 3526 praesens
695 3442 927 3505 secundarium.

229 3546 343 3607 Forma
359 3545 422 3620 ES,
442 3547 514 3608 L'S:
541 3547 611 3630 lnys
635 3548 754 3632 thynny
776 3570 819 3610 es.
839 3549 908 3632 lays
930 3569 962 3610 es
983 3570 1027 3632 yn
1040 3569 1117 3629 pote
1132 3549 1201 3630 (lex
1221 3545 1300 3610 nobis

144 3663 202 3726 est,
222 3651 274 3712 lex
296 3661 344 3712 est
366 3650 399 3711 in
417 3656 511 3730 terra)
528 3653 618 3715 Pass.
639 3660 690 3729 32,
710 3660 739 3714 2.
761 3657 832 3728 121,
853 3659 882 3713 3.
908 3652 1010 3715 elevas
1026 3653 1102 3716 bras
1117 3675 1151 3716 es
1166 3674 1216 3715 om
1231 3654 1300 3715 den

144 3757 210 3841 leff
221 3757 366 3840 deeethys
383 3757 524 3835 (morbus
547 3779 682 3840 magnus
697 3758 732 3820 in
747 3778 861 3819 manus
876 3778 962 3820 meas
976 3757 1140 3840 ingressus
1157 3762 1220 3840 est)
1237 3763 1299 3830 150,

147 3869 174 3924 3.
200 3863 345 3948 leymmys
366 3884 409 3945 yn
432 3863 486 3945 bys
509 3884 615 3925 usses
632 3866 738 3938 (omne
754 3862 788 3923 in
803 3863 923 3925 mundo
938 3862 1023 3944 quod
1039 3873 1089 3924 est
1103 3864 1239 3944 bonum)
1256 3867 1299 3935 10,

146 3971 175 4026 3.
199 3986 290 4050 myns
308 3989 345 4029 ns
368 3988 470 4029 omma
486 3968 643 4050 cnntnllys
660 3969 758 4049 (quod
773 3966 972 4048 disputatum
986 3977 1035 4029 est
1049 3966 1114 4043 hie,
1134 3978 1168 4031 te
1183 3967 1301 4031 convin-

144 4070 199 4151 eit)
210 4076 261 4147 92,
274 4077 304 4132 2.
320 4072 464 4156 kynzmys
476 4094 512 4135 ns
525 4073 642 4156 ordnys
655 4074 880 4154 (quodcunque
892 4071 1074 4134 ordinatum
1086 4077 1149 4154 est)
1162 4079 1214 4149 21,
1225 4078 1253 4133 2.

229 4176 336 4238 Praes.
355 4180 484 4241 secund.
504 4178 585 4260 sing.
608 4186 635 4239 1.
654 4199 755 4261 pers:
782 4176 815 4238 in
837 4176 908 4259 ayt's
928 4175 1022 4261 mysk
1036 4198 1109 4257 pan
1125 4200 1199 4241 esen
1214 4177 1302 4257 (inter

143 4297 196 4341 vos
212 4301 285 4342 cum
302 4285 415 4362 essem)
435 4290 484 4359 75,
502 4290 530 4344 1.
558 4290 586 4345 3.
605 4304 688 4366 pers.
700 4305 707 4344 ε
719 4305 789 4365 pen
805 4304 854 4345 ese
868 4305 913 4365 yn
928 4281 1055 4367 mysky
1071 4283 1211 4367 abestely
1224 4286 1302 4359 (sum

140 4396 222 4447 esset
237 4385 319 4448 inter
335 4387 507 4468 apostolos)
521 4394 572 4463 27,
591 4396 618 4450 1.
630 4411 701 4470 pan
717 4411 770 4452 esa
784 4411 828 4471 yn
843 4409 940 4452 erows
953 4391 1040 4471 (cum
1056 4400 1141 4451 esset
1157 4389 1192 4450 in
1204 4390 1302 4463 crues)
