2896 4980
573 350 770 393 rnanrirro.
1059 386 1065 401 ,
1228 331 1254 387 V

76 531 143 577 nos
162 514 200 577 et
212 504 401 576 Hibernos
419 502 569 597 linguae
582 503 840 574 commercium
860 525 903 573 ea
921 512 1059 582 aetate,
1082 523 1150 570 nec
1165 522 1251 593 ergo

74 626 189 695 etiam
218 632 339 694 aetate
358 621 475 693 multo
493 622 711 704 vetustiore,
738 622 905 715 quamvis
923 631 1118 712 utramque
1136 617 1251 688 diale-

74 760 178 815 ctum
189 742 425 836 rellinguam
442 740 523 836 (hac
535 765 622 813 rece
639 740 738 812 enim
751 750 835 812 utar
846 738 1011 811 consulto
1025 741 1072 809 ob
1084 739 1180 809 hanc-
1194 738 1250 808 ‹li-

73 861 299 956 versitatem)
322 885 368 931 ex
386 883 462 931 uno
479 858 580 931 fonte
598 870 715 932 ortam
731 883 808 931 esse
826 858 923 930 clare
940 866 1078 952 pateat.
1109 856 1250 929 Poterit

73 980 253 1052 affirmari
278 980 395 1076 major
420 979 628 1051 differentia
652 982 749 1052 inter
770 979 936 1072 linguam
960 977 1186 1048 hibernicam
1213 986 1250 1046 et

73 1098 342 1182 britannicam,
374 1122 485 1191 quam
502 1099 600 1170 inter
623 1097 830 1170 seandieam
853 1104 1034 1168 vetustam
1052 1095 1111 1168 vel
1136 1094 1248 1165 islan-
1305 1127 1309 1133 ·

73 1221 195 1290 dicam
216 1227 255 1289 et
272 1227 411 1290 ceteras
429 1218 654 1312 germanicas
673 1216 873 1314 ,dialecton
905 1215 968 1285 v'nr
994 1221 1119 1285 tamen
1146 1222 1249 1284 tanta

72 1348 217 1429 ‹pranta
240 1336 385 1407 obtinet
412 1336 509 1407 inter
532 1335 699 1430 linguam
723 1334 937 1407 lituanicam
963 1333 1022 1407 rel
1048 1331 1248 1426 prassinam

73 1466 259 1527 vetustam
278 1465 316 1526 et
333 1455 517 1526 slavicam.

178 1573 363 1645 Gallicam
382 1582 506 1645 autem
523 1573 689 1667 linguam
707 1575 875 1668 priscam,
908 1597 1002 1665 quae
1021 1581 1103 1666 post
1119 1571 1247 1643 interi-

74 1706 156 1766 tum
175 1693 322 1786 imperii
340 1691 590 1763 Romanorum
616 1702 654 1764 et
679 1691 905 1765 invasionem
924 1693 1148 1762 Francorum
1167 1715 1248 1760 sen-

71 1815 143 1883 sim
170 1812 280 1883 cessit
301 1834 417 1882 novae
443 1811 649 1882 romanicae
674 1821 774 1883 ortae
802 1812 842 1882 in
860 1809 1072 1905 regionibus
1089 1809 1242 1905 gallicis,

72 1933 105 2002 si
129 1954 205 2000 non
230 1928 303 2000 fnit
328 1929 456 1999 eadem
482 1952 565 1999 cum
590 1928 809 2011 britannica,
842 1928 931 2000 huie
954 1937 1077 2000 tamen
1095 1927 1247 1999 vicinio—

73 2073 155 2119 rem
172 2046 298 2132 fuisse,
322 2073 434 2141 quam
445 2048 670 2127 hibernicae,
693 2048 785 2118 haec
797 2048 1012 2140 praesertim
1021 2050 1240 2118 ostendunt:

186 2169 218 2238 1.
249 2166 500 2262 Congruentia
516 2191 688 2239 sonorum
706 2166 949 2258 quorundam,
972 2165 1107 2257 quibus
1125 2165 1247 2235 differt

71 2285 280 2369 hibernica,
302 2310 336 2356 e.
354 2310 409 2380 gr.
432 2286 470 2356 in
484 2287 694 2357 nominibus
712 2284 854 2380 gallicis
874 2284 1017 2365 Litana,
1042 2283 1241 2363 Litai-icus,

73 2428 171 2498 quae
186 2414 273 2474 sunt
291 2405 411 2475 adhuc
421 2404 626 2475 britannice
645 2405 718 2500 adj.
737 2405 765 2474 ti·
777 2429 836 2484 an,
854 2404 969 2475 subst.
988 2403 1088 2485 titan,
1111 2405 1175 2475 sed
1187 2404 1245 2475 hi·

72 2524 224 2596 bernice
234 2523 361 2604 lether,
377 2523 479 2604 letha,
494 2546 589 2614 quae
602 2522 770 2616 inprimis
783 2523 1087 2595 animadvertitur
1096 2523 1135 2593 in
1147 2522 1245 2594 voci-

73 2645 143 2713 bus
157 2639 300 2735 galliois
319 2649 356 2711 et
374 2640 601 2720 britamricis,
623 2664 656 2710 e.
674 2665 729 2735 gr.
749 2642 789 2713 iu
801 2642 986 2726 Petuaria,
1009 2641 1240 2736 petorritum,

72 2758 315 2854 pempedula‚
347 2761 536 2831 Penninus
554 2760 662 2840 dena,
694 2758 906 2830 Penninum
918 2761 1073 2856 jugum,
1096 2761 1238 2855 Epona,

73 2878 284 2971 Eporerli'ci,
305 2877 694 2970 Epomanduodurum,
723 2878 1025 2952 convenientibus
1046 2904 1130 2951 cum
1145 2905 1244 2952 cam-

72 2995 184 3066 bricis
196 3007 326 3090 potuer
346 2996 525 3090 (quatuor)
541 3053 548 3078 ,
564 3000 665 3091 pimp
687 2996 890 3092 (quinque),
906 3022 1003 3092 pean
1024 2999 1179 3092 (caput),
1201 3022 1243 3093 ep

72 3117 113 3185 in
132 3113 247 3184 deriv.
271 3116 392 3209 eperat,
420 3115 524 3185 ebaul
543 3114 704 3210 (pullus),
741 3118 830 3186 dum
856 3113 1044 3184 hiberniae
1062 3123 1118 3185 est
1136 3139 1172 3195 c,
1202 3116 1243 3185 eb

72 3256 139 3325 pro
150 3256 179 3326 p
198 3230 238 3301 in
255 3230 397 3314 iisdem,
420 3241 462 3303 ut
480 3233 588 3304 cethir
609 3231 810 3327 (quatuor),
834 3235 905 3303 coir
925 3229 1128 3328 (quinque),
1158 3256 1243 3303 cerm

77 3349 226 3443 (caput),
258 3350 317 3421 ech
342 3349 497 3445 (equus).
539 3350 625 3421 Non
648 3351 806 3422 concedo
826 3349 1069 3423 differentiam
1088 3350 1242 3446 gallicae

73 3469 222 3562 lifguae
241 3491 263 3537 a
281 3466 486 3537 britannica
510 3477 548 3538 et
576 3469 853 3563 congruentiam
878 3494 963 3541 cum
988 3471 1179 3541 hibernica
1203 3471 1241 3541 in

72 3585 256 3679 particula
278 3609 346 3655 su·
375 3585 415 3655 in
437 3587 648 3680 compositis
667 3587 895 3670 Suessione8‚
926 3588 1121 3672 Suanetes,
1156 3614 1240 3661 eum

72 3705 201 3774 eadem
220 3727 290 3773 vox
310 3702 357 3773 sit
374 3703 564 3775 hibernico
582 3730 666 3786 su-,
691 3729 766 3788 so-,
798 3706 1002 3779 britannice
1021 3718 1144 3779 autem
1164 3709 1235 3791 leo-,

72 3824 142 3903 leo,
172 3824 249 3915 aa.
297 3821 405 3891 Hanc
433 3821 531 3892 enim
558 3825 710 3917 apros
738 3847 815 3896 esse
841 3826 984 3898 serioris
1008 3828 1159 3920 originis
1186 3838 1241 3898 at-

71 3963 145 4031 quc
170 3965 188 4009 s·
212 3939 435 4032 primitivam
460 3942 660 4014 obtinuisse
684 3946 783 4037 apud
807 3945 1002 4017 Britannos
1028 3918 1148 4015 adhuc
1166 3946 1241 4014 lto-

72 4082 263 4128 manorum
283 4067 418 4138 aetate,
442 4060 548 4129 docet
574 4084 709 4131 nomen
728 4062 832 4133 fluvii
855 4063 1027 4135 Sabrina.
1053 4064 1150 4152 quod
1176 4087 1239 4156 po

71 4178 239 4247 sterioros
259 4177 427 4246 Britanni
447 4184 484 4247 et
501 4177 670 4249 hodierni
687 4180 879 4271 proferunt
898 4179 1039 4275 Husrcu
1063 4181 1111 4273 (p.
1138 4181 1235 4275 lli),

70 4308 113 4364 ut
132 4318 267 4365 nomen
284 4293 415 4387 populi
432 4294 519 4366 brit.
538 4300 732 4386 Σιλγοοῦαι
758 4300 856 4391 apud
874 4297 969 4368 l'tol.
992 4308 1111 4369 servat
1129 4299 1240 4370 etiam

69 4411 214 4506 spro'lr
240 4416 409 4487 hodierni
436 4418 551 4488 subst.
574 4416 659 4486 brit.
683 4416 758 4497 leel,
792 4417 869 4510 help
890 4414 1045 4509 (hibern.
1068 4419 1159 4511 sely,
1184 4441 1244 4486 ve-
