2896 4980
141 338 201 401 194
244 336 273 399 Ι.
293 339 323 397 2.
356 354 525 399 consonas
541 354 749 399 nranaarcss
764 354 977 401 meaosurns
991 356 1195 403 summm

139 519 245 569 taimen
267 505 412 587 exempla
431 504 513 565 infra
528 503 693 585 sequentia
709 507 762 585 (B.
781 505 810 566 I.
830 509 882 587 2),
900 505 1087 569 exhibentia
1102 507 1195 570 infeet

139 623 210 697 post
232 608 467 675 substantivum
488 629 553 671 non
575 608 678 673 solum
702 608 907 673 terminatum
928 633 946 675 a
965 611 1080 688 vocali,
1098 614 1155 676 sed
1177 632 1195 675 e

139 718 271 801 liquida.

228 852 257 908 3.
283 846 361 908 Post
389 842 582 919 numeralia,
607 864 688 926 quae
714 864 837 927 semper
857 844 922 908 fere
941 856 1062 909 exeunt
1083 845 1119 910 in
1139 868 1195 911 eon

141 950 296 1035 Exempla
310 949 392 1012 infra
406 948 441 1011 in
455 947 560 1031 capite
574 949 613 1010 de
628 949 856 1012 numeralibus.
883 950 924 1013 In
940 951 996 1034 Sg.
1014 952 1195 1038 etiamficb

140 1057 268 1141 (viginti
282 1056 413 1139 pondo),
425 1075 452 1136 p
467 1053 645 1137 postflebe,
660 1055 745 1137 quod
759 1055 886 1139 proprie
897 1056 1065 1140 estfieltet.
1093 1058 1194 1143 Excip

140 1162 316 1226 numeralia
338 1165 394 1224 den
416 1164 529 1242 (unus)
544 1172 577 1221 et
592 1161 635 1222 da
649 1160 742 1241 (duo)
764 1161 914 1224 exeuntia
936 1160 970 1224 in
992 1162 1149 1245 liquidam
1168 1174 1194 1226 et

140 1269 203 1332 lem
210 1293 220 1345 3
238 1265 395 1351 posterius
411 1277 518 1328 tamen
532 1286 734 1328 communem
748 1266 891 1349 regulam
906 1267 1060 1349 sequitur,
1077 1268 1105 1331 si
1120 1269 1155 1332 in
1169 1268 1194 1331 fl«

140 1373 328 1437 terminatur
342 1394 361 1434 a
376 1392 530 1435 consona:
548 1392 589 1432 αν
603 1371 656 1433 dit
672 1371 839 1434 eonsonm'b
856 1372 925 1455 Sg„
944 1394 985 1435 or
999 1374 1054 1437 dit
1069 1374 1194 1438 estoit<

226 1507 257 1560 4.
283 1500 361 1562 Post
376 1497 564 1580 pronomina
578 1497 754 1580 possessiva
770 1497 866 1571 trium
880 1519 1088 1581 personarum
1101 1522 1194 1565 nume

141 1605 233 1668 ralis:
248 1623 309 1666 ara
321 1605 468 1682 (noster),
479 1603 559 1665 bara
568 1606 710 1685 (vester),
722 1626 764 1666 aa
773 1606 876 1683 (suus,
888 1610 1012 1687 eorum)
1024 1607 1148 1671 mediae
1158 1608 1194 1669 in·

144 1721 190 1773 tes
206 1707 407 1791 sequentium
418 1706 690 1770 substantivorum
701 1707 736 1771 in
748 1708 906 1791 positione
918 1732 993 1774 cum
1005 1711 1127 1794 liquida
1140 1735 1161 1775 n
1178 1714 1194 1775 fi

140 1813 366 1900 pronominum
381 1822 546 1874 servantur
560 1813 595 1874 in
610 1823 696 1875 statu
710 1814 802 1890 duro,
816 1836 875 1877 nee
890 1837 955 1878 non
971 1815 1123 1899 liquidae,
1138 1839 1165 1894 a,
1174 1832 1194 1903 j

141 1941 232 1996 nues,
247 1939 380 1981 excussa
391 1917 500 1979 eadem
511 1939 545 1992 a,
555 1929 687 1980 manent
698 1916 733 1981 in
745 1929 832 1981 statu
843 1920 965 1982 eodem.
989 1920 1148 2006 Exempla
1159 1922 1193 1985 in

141 2026 181 2088 (le
192 2022 443 2108 pronominibus.
469 2021 542 2085 Etia
553 2034 659 2107 mpost
669 2044 844 2106 pronomen
855 2025 1070 2107 possessivum
1081 2027 1193 2111 generi

142 2129 210 2193 nini
228 2136 258 2193 3.
272 2151 355 2213 pers.
373 2128 456 2212 sing.
474 2150 495 2190 a
511 2127 606 2210 (ejus)
619 2128 734 2191 servati
749 2140 851 2191 status
863 2130 1005 2213 primarii
1020 2130 1055 2194 in
1067 2134 1193 2197 vetere]

142 2246 179 2298 ut
204 2234 239 2297 in
264 2234 417 2297 hodierna
442 2233 604 2295 hibernica
630 2244 661 2295 et
686 2233 822 2316 gaelica,
847 2236 992 2319 exempla
1018 2240 1175 2320 quaedam

141 2342 268 2424 aypna'm
280 2339 392 2424 falsane
414 2336 603 2422 imefolitpai
624 2339 720 2400 cesad
731 2338 826 2423 fueri
845 2341 902 2423 (gl.
921 2341 990 2425 ipsa
1009 2342 1044 2405 in
1065 2364 1099 2406 se
1121 2344 1193 2427 agit,

141 2466 274 2529 persona
282 2468 292 2519 ;
310 2444 332 2506 i.
347 2466 375 2507 e.
393 2443 461 2527 ejus
476 2442 577 2526 ipsius
592 2442 674 2505 actio
686 2442 784 2506 efficit
798 2445 979 2527 passionem
991 2447 1062 2525 sibi,
1077 2470 1152 2511 cum
1164 2471 1193 2534 pp

142 2560 243 2611 status
264 2549 357 2632 prim.
380 2572 413 2632 p.
436 2557 486 2610 70.
507 2551 559 2628 71)
584 2548 639 2630 Sg.
662 2552 744 2610 199¹.
770 2550 942 2613 cenehaille
956 2553 1139 2638 sororiano
1162 2557 1193 2639 (g

143 2653 246 2716 velato
261 2653 375 2737 capite,
390 2653 504 2715 mulier
519 2675 611 2715 orans
627 2655 775 2738 deturpat
790 2667 886 2739 caput
901 2667 1010 2741 suum)
1026 2659 1103 2722 Wb.
1118 2664 1180 2722 ll‘.

230 2782 309 2844 Post
323 2801 497 2863 pronomen
512 2778 680 2842 relativum
695 2803 736 2842 aa
752 2784 841 2861 (ante
855 2781 1000 2867 medias),
1019 2806 1040 2847 a
1056 2788 1146 2867 (ante
1161 2784 1193 2848 lit

143 2900 217 2950 ante
231 2909 259 2963 a,
273 2887 307 2971 f
316 2898 347 2949 et
362 2888 487 2965 tenues)
503 2906 642 2947 consona
657 2885 744 2948 verbi
759 2885 912 2949 inchoans
927 2889 1038 2951 codem
1052 2889 1192 2954 modoht

144 3004 182 3056 ut
203 2990 395 3057 substantivi
415 3003 488 3076 post
513 2989 703 3073 pronomina
722 2989 777 3052 illa
798 2991 985 3073 possessiva.
1024 2976 1116 3057 Idem
1137 3017 1192 3081 pro

143 3098 311 3162 relativum
337 3097 518 3160 continetur
544 3096 578 3158 in
604 3095 760 3180 particula
786 3118 879 3174 aran,
904 3120 963 3160 ara
990 3101 1067 3181 (ut).
1100 3100 1192 3164 Exen

144 3202 331 3287 pronomine
346 3213 378 3263 et
391 3201 568 3283 particulis.

231 3335 261 3388 5.
286 3328 365 3387 Post
386 3327 517 3388 verbum
532 3326 680 3389 desinens
703 3327 737 3390 in
753 3351 924 3393 consonas:
951 3333 1038 3394 αενῖιὲ
1053 3335 1127 3416 (ego
1150 3354 1192 3397 sau

146 3431 231 3493 mat
267 3438 457 3491 oruraeeatar
484 3430 644 3495 cot'tehena
675 3432 902 3513 (inveniuntur
927 3437 1130 3519 communia)
1162 3438 1192 3518 St

145 3535 262 3599 Confer
291 3545 396 3596 tamen
425 3534 569 3616 exempla
598 3535 778 3600 infectionis
800 3550 873 3621 post
900 3541 1032 3603 verbum
1058 3543 1192 3605 substan

144 3638 289 3725 quamvis
304 3648 394 3700 exeat
409 3636 444 3699 in
458 3659 641 3717 consonam,
655 3653 688 3705 et
702 3644 730 3705 si
745 3655 816 3727 post
831 3645 962 3707 verbum
977 3645 1124 3728 sequitur
1137 3646 1192 3732 obj·

144 3746 227 3809 int'ra
241 3745 301 3807 sub
317 3746 357 3807 Β.
375 3743 404 3806 I.
423 3750 454 3805 5.

231 3879 260 3933 6.
287 3873 365 3935 Post
383 3869 631 3953 praepositiones
648 3874 831 3938 terminatas
847 3896 866 3938 a
880 3876 1042 3939 consonis:
1058 3877 1123 3960 for
1138 3880 1191 3960 (pn

144 3983 280 4061 (tratre),
297 3985 366 4040 etur
381 3976 505 4056 (iuter),
528 3976 556 4038 t'a
572 3976 703 4059 (infra),
720 3983 753 4042 ds
769 3983 905 4062 (supra),
923 4004 959 4044 oe
973 3984 1100 4064 (apud),
1118 3981 1191 4045 reeb

145 4090 217 4166 ter).
251 4084 335 4147 Item
354 4090 426 4164 post
447 4080 631 4145 terminatas
651 4084 692 4145 ab
706 4105 747 4146 n:
766 4084 800 4147 ia
822 4085 896 4167 (in),
914 4106 971 4149 ren
988 4090 1103 4167 (ante),
1121 4108 1180 4150 oen

145 4189 220 4253 iera
234 4189 351 4269 (post),
370 4184 514 4268 quamvis
530 4207 551 4247 n
566 4198 674 4267 pereat
695 4200 769 4250 ante
783 4188 932 4270 liquidas,
949 4203 1025 4255 ante
1038 4212 1065 4267 s,
1083 4189 1116 4274 f
1131 4200 1191 4253 ett

144 4304 217 4375 post
232 4312 252 4354 a
268 4294 336 4372 (ex)
352 4302 454 4353 ortam
469 4310 507 4352 ex
523 4312 571 4365 aa,
589 4301 621 4353 et
636 4302 708 4373 post
724 4292 756 4353 lo
772 4295 897 4375 (apud),
913 4296 973 4381 [η’
986 4298 1125 4376 (contra)
1141 4304 1191 4357 ort

144 4397 197 4463 cul
218 4396 315 4459 dubio
335 4414 434 4475 aeque
455 4414 473 4455 e
496 4392 605 4457 formis
625 4395 817 4459 exeuntibus
837 4397 872 4461 in
893 4421 1048 4463 consonas
1065 4401 1141 4481 (lus,
1158 4400 1191 4484 fl
