2896 4980
311 335 340 400 1.
371 343 402 400 1.
448 356 617 402 consousn
633 357 859 402 summumne
873 357 1014 402 sununs.
1186 336 1247 399 169

578 609 751 674 Tenues

171 780 215 880 P
234 781 279 879 Τ
299 778 359 879 O·
405 817 542 903 Scriptio
563 819 710 885 tenuium
729 818 908 883 britannica
930 817 1041 880 eadem
1064 825 1102 878 ut
1123 813 1158 877 in
1178 812 1248 877 aliis

118 928 217 1011 nguis,
235 928 348 1012 procul
368 928 468 991 dubio
488 938 521 990 et
541 909 778 1011 pronuntiatio,
796 950 825 991 e.
843 950 891 1011 gr.
909 926 1020 991 c=k
1041 936 1116 988 ante
1138 944 1248 988 omnes

118 1034 214 1097 mles.
261 1035 291 1097 E
318 1045 406 1098 statu
438 1032 608 1116 originario
634 1044 743 1098 autem
775 1045 988 1117 transgressae
1013 1032 1048 1094 in
1074 1010 1249 1113 aspiratum

118 1137 266 1202 mbrmtur
280 1140 390 1203 addita
404 1139 445 1202 h:
464 1139 512 1220 pb
527 1139 702 1220 (interdum
714 1142 751 1226 s,
767 1139 836 1224 ff),
856 1140 900 1216 tt,
919 1139 957 1202 ch
973 1135 1137 1220 (armorico
1151 1134 1249 1197 inter-

118 1264 163 1306 um
175 1244 362 1328 simpliciter
376 1244 414 1321 la,
432 1244 571 1326 itemque
586 1245 710 1309 cornice
724 1245 906 1328 frequenter
920 1245 954 1306 in
969 1243 1080 1318 initio,
1097 1241 1199 1304 rarius
1214 1239 1249 1302 in

118 1348 187 1412 :edio
200 1371 326 1427 vocmn,
344 1349 400 1413 ubi
416 1349 502 1413 utin
516 1351 581 1413 fine
595 1350 691 1414 solita
703 1362 752 1414 est
764 1351 834 1434 qh).
858 1349 1032 1434 Aspiratio‚
1049 1359 1124 1411 ante
1139 1365 1249 1408 omnes

118 1452 164 1518 lias
180 1477 392 1519 consonarum
411 1456 527 1519 classes
548 1455 632 1519 hanc
648 1456 794 1519 tenuium
808 1478 971 1539 aggressa,
995 1451 1179 1539 praesertim
1193 1472 1249 1533 po·

118 1557 213 1623 itiones
240 1561 393 1644 quasdam
419 1559 537 1625 invasit
564 1562 634 1645 jam
659 1563 694 1625 in
720 1562 892 1625 vetustiore
920 1561 1031 1644 lingua
1056 1554 1246 1621 britannica.

118 1672 235 1728 :ttamen
250 1676 352 1728 status
367 1666 565 1749 primitivus,
583 1666 728 1748 quamvis
742 1667 881 1730 multum
895 1666 1087 1750 aspiratione
1104 1661 1248 1746 perdide·

118 1765 150 1844 it,
168 1770 261 1833 etium
286 1772 396 1854 magni
420 1771 526 1834 adhuc
547 1782 595 1835 est
615 1772 753 1835 ambitus
774 1772 809 1835 in
829 1772 1051 1837 vetustissimis
1073 1768 1246 1832 codicibus.

118 1871 240 1959 lrempla
252 1877 398 1940 tenuium
405 1877 586 1942 vetustioris
597 1877 727 1960 linguae
738 1888 934 1941 servatarum
944 1877 979 1939 in
987 1887 1074 1940 statu
1084 1872 1246 1959 primario.

172 1983 197 2045 P
217 1983 424 2046 cambrica
443 1995 569 2047 vetusta
583 1983 619 2045 in
640 1981 733 2046 initio
748 1984 845 2059 vocis,
863 2005 944 2066 quae
959 1993 1007 2046 est
1021 2003 1094 2065 pars
1109 1978 1249 2043 secunda

118 2088 264 2170 ompositi:
283 2087 489 2170 arpeteticrbn
508 2089 654 2172 (miseri),
672 2090 896 2172 bleuportlretic
911 2088 1060 2170 (laniger)
1075 2085 1120 2168 gl.
1138 2085 1246 2146 Oxon.

118 2185 253 2255 bnedio
275 2204 309 2255 ct
328 2194 393 2256 fine
412 2204 502 2258 extra
523 2195 729 2280 positionem:
766 2193 931 2277 Vortipori
956 2194 1179 2275 (Demetarum
1200 2198 1248 2271 ty·

118 2297 217 2379 unne!)
236 2298 342 2382 Epist.
360 2299 449 2364 Gild.
467 2302 590 2384 (Nenn.
607 2324 641 2386 p.
662 2305 748 2384 159).
778 2299 950 2382 Guortcpir
969 2300 983 2379 (
1010 2345 1017 2359 .
1035 2296 1109 2378 viri)
1125 2293 1245 2359 Chron.

118 2401 202 2464 ambr.
225 2402 260 2465 in
281 2404 380 2486 praef.
405 2406 446 2468 ad
466 2406 517 2469 ed.
540 2406 619 2489 Leg.
643 2428 677 2490 p.
702 2408 744 2471 V.
774 2404 953 2488 Pcpidiauc
980 2402 1085 2486 regio,
1110 2399 1188 2465 vita
1210 2398 1245 2462 S.

118 2500 177 2569 Gild.
193 2509 314 2589 (Nenn.
331 2532 365 2594 p.
386 2514 472 2593 117).
490 2510 628 2592 Pcpr'au,
646 2511 785 2594 Per'piau
800 2512 847 2591 (n.
866 2510 942 2586 viri;
960 2509 1091 2574 Peibaw
1106 2507 1195 2570 Mab.
1215 2509 1246 2581 2,

118 2608 168 2692 ²22)
186 2614 254 2678 Lib.
278 2615 618 2680 Iand.69.72.154.
648 2617 825 2701 ropultpias
847 2617 905 2699 (gl.
928 2614 1072 2698 olivsvit)
1093 2614 1138 2698 gl.
1162 2611 1246 2674 be.

118 2718 298 2802 mumius),
315 2720 376 2803 her
392 2720 604 2806 (sinelrau
619 2723 763 2808 (cuivis),
781 2745 837 2805 rep
856 2721 1063 2804 (fossarium),
1078 2718 1147 2800 σήμ
1162 2719 1248 2800 (nec-

118 2824 213 2908 u)gl,
229 2826 337 2890 Oxou.
1104 2898 1107 2903 ⁴

172 2929 209 2994 In
228 2931 421 3014 quibusdam
440 2932 570 2997 vocibus
583 2957 612 3019 p
633 2933 738 2999 media
759 2943 828 2997 orta
849 2945 897 2998 cst
918 2956 936 2996 c
955 2933 1078 2996 duabus
1101 2925 1248 2991 consonis

118 3031 331 3101 valescentibus
348 3037 417 3121 jam
439 3038 474 3102 in
495 3050 620 3104 vetusta
642 3040 771 3125 lingue:
796 3061 874 3122 aper
895 3037 1026 3120 (ostium
1046 3032 1149 3114 fluvii)
1166 3031 1246 3095 Cod.

118 3128 191 3201 lltbs.
206 3142 277 3205 lnb.
296 3143 400 3207 Land.
418 3145 461 3229 fq.
480 3166 519 3207 ex
541 3146 631 3208 ather
651 3148 703 3228 (nt
721 3156 810 3231 patet
830 3166 848 3208 e
869 3140 1050 3227 compositis
1073 3137 1143 3201 aliis
1163 3136 1248 3198 idem

118 3234 348 3324 turbantibus,
363 3251 480 3313 cumbr.
499 3251 606 3327 rimor,
621 3273 739 3336 cymen
753 3251 776 3313 i.
791 3272 819 3313 e.
837 3248 973 3334 cymber,
988 3245 1024 3308 in
1039 3245 1126 3308 Libr.
1142 3243 1245 3306 Lund.

120 3344 166 3409 ¹27.
183 3356 249 3415 128.
269 3358 349 3430 204,
372 3367 404 3419 et
426 3354 549 3419 hibern.
567 3356 649 3439 gacl.
673 3355 806 3435 inblu'r).
831 3354 942 3437 apertlr
963 3352 1118 3433 (victima)
1140 3371 1180 3412 ex
1200 3356 1248 3410 at-

118 3442 178 3517 Μ
190 3457 326 3539 (hibern.
344 3472 408 3523 vet.
427 3462 552 3545 edbert)
566 3462 611 3544 gl.
630 3461 736 3525 Oxon.

174 3561 245 3626 Tin
262 3564 371 3628 initio:
390 3587 459 3641 mor
475 3577 526 3630 tru
541 3568 599 3651 (gl.
618 3568 700 3630 eheu
711 3567 735 3647 l)
750 3566 795 3648 gl.
813 3567 919 3630 Oxon.
943 3565 985 3627 In
1001 3559 1245 3646 compositione:

119 3651 191 3750 butio
203 3670 394 3753 (stabulum)
406 3670 483 3735 ibid.
497 3673 611 3749 Eutut,
633 3673 756 3735 Tcirtut
769 3674 817 3752 (n.
835 3672 945 3753 viror.)
962 3669 1034 3731 Lib.
1053 3667 1157 3731 Land.
1175 3670 1246 3727 126.

120 3760 166 3832 ²⁸4·
192 3775 232 3839 In
251 3775 356 3840 medio
378 3786 411 3839 et
425 3778 506 3840 fine:
532 3785 611 3840 ctem
627 3775 781 3857 (instita),
806 3776 915 3840 oetr'net
928 3775 1117 3856 (volucres),
1135 3771 1246 3847 storin,

118 3872 204 3943 *non
224 3881 318 3962 (avis,
335 3882 505 3962 volucris),
523 3891 682 3945 anutonou
703 3882 886 3965 (perjuria),
907 3882 987 3945 lituu
1002 3878 1179 3959 (Letavia),
1198 3899 1249 3939 en-

118 3981 209 4048 ''tb'am
225 3986 374 4068 (innuo),
392 3987 569 4051 enmeiruou
585 3991 731 4069 (nutus),
752 3987 866 4050 notuid
879 3989 1001 4070 (acus),
1020 3984 1091 4047 dael
1104 3983 1247 4063 (forum),

118 4072 266 4187 (⁰10me
282 4091 393 4174 (lego),
410 4103 551 4177 petpuor
566 4096 741 4176 (quatuor),
757 4093 870 4156 caitoir
885 4092 1024 4176 (pubes),
1036 4087 1157 4173 pratell
1170 4088 1249 4168 (cra-

118 4184 213 4275 ltlibr),
231 4197 350 4260 elutum
366 4202 502 4282 (struo),
527 4199 692 4263 seruitium
716 4200 849 4281 (screo),
875 4198 921 4260 rit
942 4197 1103 4277 (vadum),
1129 4193 1180 4255 bot
1201 4191 1249 4272 (in

118 4298 221 4399 (lupos.
238 4304 461 4387 ampnaubot),
480 4305 574 4368 brou!
595 4305 705 4385 (frater
725 4305 775 4367 vel
794 4303 965 4387 judicium)
981 4301 1016 4364 in
1036 4298 1148 4383 glossis
1163 4298 1249 4363 Oxo·

118 4403 257 4471 ueusibus.
291 4410 459 4473 Praeterea
479 4409 514 4472 in
529 4409 641 4475 iisdem
655 4409 883 4492 frequentiores
899 4407 1108 4470 derivationes
1123 4403 1175 4466 vel
1189 4412 1250 4465 ter-
