2902 4980
136 334 198 395 420
311 332 427 393 111.1.
475 349 683 394 rsnmcunan
698 350 868 394 maranus
884 347 1125 394 narrarvrucrs.

136 501 300 577 armorica,
310 500 438 564 rarescit
450 511 481 562 et
492 499 527 562 in
539 521 740 563 communem
751 522 808 583 per
818 498 928 563 omnia
940 510 1084 582 tempora
1094 519 1183 561 usum
1192 509 1262 563 uan-

138 618 217 671 eunt
238 606 318 670 aliae
339 606 528 690 particulae,
552 628 581 668 c.
598 627 647 688 gr.
671 606 788 668 cambr.
812 606 860 689 yd
877 606 944 690 (y),
961 625 1053 666 corn.
1076 627 1110 688 y,
1126 625 1222 667 armor.
1234 628 1263 680 α,

138 714 255 777 cambr.
274 733 360 774 corn.
378 731 491 773 annor.
510 734 541 773 α.
645 704 650 714 “

224 817 297 880 RO.
318 815 516 879 Cambrica
531 813 744 879 vetustissima
752 815 897 898 exempla
904 814 1118 898 interglossas
1126 815 1264 878 Luxemb.:

140 925 287 987 roluncas
302 921 360 1003 (gl.
377 919 629 1004 guturicau[it])‚
648 919 825 1002 roqulc'pias
841 920 899 1004 (gl.
917 919 1051 983 olivavit
1059 944 1069 996 ;
1092 919 1201 982 oambr.
1215 917 1266 980 hol.

137 1028 259 1112 9wlyh,
277 1025 442 1102 madidus,
466 1026 591 1089 hibern.
605 1023 732 1108 ficeclo,
749 1023 790 1086 cs.
807 1046 841 1107 p.
861 1027 936 1107 66),
959 1024 1109 1088 roricseti
1123 1023 1179 1108 (gl.
1197 1023 1268 1086 sulca·

139 1132 283 1213 visscnt).

225 1238 301 1300 Non
322 1236 504 1319 infrequens
526 1237 590 1299 RY
606 1239 669 1318 (re)
690 1235 851 1319 deinceps,
870 1235 905 1298 in
920 1236 1000 1320 Leg.
1017 1246 1052 1299 et
1073 1233 1177 1299 codice
1192 1233 1269 1308 rubro,

141 1365 244 1408 comes
266 1341 427 1425 praeteriti
446 1364 512 1404 non
534 1341 637 1405 solum
657 1341 800 1424 primarii
818 1353 850 1405 et
865 1340 1057 1418 secundarii,
1076 1342 1132 1405 sed
1146 1340 1228 1404 etiam
1239 1339 1271 1401 lu·

141 1449 205 1512 turi
226 1447 403 1510 secundarii
430 1458 541 1531 utpote
564 1446 663 1510 futuri
684 1446 846 1530 praeteriti
869 1447 905 1529 (f.
931 1446 1070 1529 exacti),
1094 1456 1187 1529 atque
1202 1445 1273 1508 indu

140 1551 301 1638 praeteriti
334 1551 482 1635 temporis
516 1550 677 1614 infinitivi.
721 1552 781 1615 Est
805 1550 962 1634 particula
987 1550 1271 1622 consummationem,

141 1656 338 1720 exactionem
359 1655 514 1732 indicans,
532 1656 664 1739 ideoque
685 1668 718 1719 et
739 1657 832 1720 obvia
853 1657 889 1720 in
910 1657 1141 1740 compositione
1161 1674 1273 1719 eumne

141 1762 227 1826 mine
243 1761 297 1843 (cf.
315 1760 349 1822 in
364 1760 467 1844 capite
482 1763 521 1823 dc
536 1761 764 1845 compositione
777 1761 949 1845 particulas
964 1762 1209 1846 inseparabiles).

226 1867 381 1949 Exempla
395 1866 556 1948 praeteriti
570 1866 723 1951 primarii.
748 1867 790 1929 In
801 1868 901 1950 Leg.:
920 1889 956 1930 cr
969 1868 1065 1952 θαῖμα
1076 1890 1153 1953 arey
1164 1888 1196 1929 re
1208 1866 1273 1929 desc

142 1974 271 2037 dmsam
291 1994 335 2055 ny
357 1971 483 2055 huchcy'
497 1972 676 2055 (edelingus
691 1982 724 2034 et
738 1971 762 2033 ii
776 1994 855 2054 quos
870 1972 1010 2036 diximus
1025 1976 1138 2057 supra)
1155 1979 1182 2034 1.
1198 1978 1224 2032 5.
1239 1971 1272 2030 12.

141 2101 176 2141 rc
194 2077 396 2141 devedosaam
411 2100 454 2162 ny
470 2098 540 2140 ema
558 2076 766 2158 (mentionem
780 2077 912 2140 fecimus
928 2078 994 2161 hic)
1011 2084 1043 2141 2.
1063 2085 1094 2140 6.
1114 2083 1165 2139 31.
1186 2068 1279 2155 Melos

142 2206 177 2247 rc
192 2182 415 2268 traydhassom
429 2205 484 2267 ny,
498 2181 624 2266 lucios
631 2204 667 2244 re
684 2182 898 2267 traythassam
909 2205 952 2267 ny
964 2182 1183 2263 (tractavimus
1192 2180 1273 2262 supra)

146 2298 173 2352 1.
195 2294 245 2351 30.
265 2294 301 2362 8;
321 2293 373 2348 12.
392 2294 422 2349 4.
445 2285 585 2368 pecteret
599 2288 674 2351 ench
689 2308 724 2350 rc
743 2288 885 2372 punaeth
899 2308 970 2351 cam
986 2289 1076 2372 ydra
1091 2283 1274 2369 (factuneju

143 2393 198 2477 qui
213 2391 288 2454 fecit
302 2390 451 2474 injuriam
465 2390 520 2472 ci),
538 2415 559 2476 y
571 2393 814 2478 qwrthtwnqsy
829 2392 1009 2457 concutiam
1024 2391 1150 2457 iamt
1164 2390 1274 2474 ti(jun·

143 2508 288 2560 mentum
299 2495 492 2557 contrarium
500 2500 584 2578 quod
596 2497 655 2560 feci
667 2509 776 2561 contra
785 2503 830 2580 te)
840 2503 906 2565 25.
920 2506 932 2559 1
947 2523 956 2574 ;
969 2505 1000 2560 6.
1012 2502 1043 2561 2.
1062 2499 1105 2561 In
1114 2498 1198 2560 Mab.
1207 2517 1213 2558 :
1223 2489 1275 2576 pet

143 2603 246 2688 cyucd
264 2600 407 2685 rywelcis
427 2601 523 2686 yphot
538 2602 623 2682 (miri
643 2602 764 2685 aliquid
781 2602 846 2665 vidi
861 2602 895 2664 in
911 2603 1003 2685 silva)
1024 2611 1052 2679 1,
1072 2608 1147 2665 236.
1170 2609 1229 2665 acet
1242 2620 1275 2681 ty·

144 2708 267 2770 welsom
283 2728 323 2767 ar
336 2704 465 2791 ywcilyi
474 2707 600 2787 (silvam
614 2708 751 2770 vidimus
762 2707 797 2769 in
808 2707 901 2789 mari)
916 2715 945 2784 3,
962 2715 1014 2771 93.
1030 2709 1144 2794 qwcdy
1155 2705 1276 2793 yyyniser

145 2812 236 2875 collet
254 2812 466 2897 rywnactlost
480 2816 565 2895 (post
588 2824 714 2875 tantum
729 2815 883 2877 damnum
894 2815 978 2895 quod
993 2813 1112 2896 fecisti)
1130 2820 1159 2890 3,
1175 2819 1276 2891 36411

145 2940 183 3002 ry
203 2917 309 3002 ps'plis
324 2916 338 2979 i
357 2917 486 2981 eirmoet
500 2918 565 2980 dim
582 2921 661 2997 (non
675 2918 782 2981 audivi
798 2940 940 3001 unquam
955 2940 1014 3000 ego
1029 2918 1165 3001 aliquid)
1182 2924 1209 2994 2,
1226 2919 1275 2977 213.

145 3023 225 3086 seitls
239 3022 377 3106 φακίνῳ(
384 3044 422 3106 ry
439 3022 550 3086 cdesoit
562 3023 631 3108 ymi
641 3027 776 3107 (septem
790 3024 865 3109 pagi
876 3022 978 3086 relicti
989 3035 1067 3087 sunt
1078 3024 1172 3105 mihi)
1186 3031 1214 3099 3,
1228 3025 1276 3083 111-

231 3131 337 3192 Praet.
356 3128 505 3190 secund.:
533 3130 665 3213 oderuyt
684 3151 762 3212 epar
783 3151 883 3192 eaeor.
905 3177 912 3190 .
933 3176 940 3191 .
958 3129 1043 3192 abed
1061 3129 1279 3211 caediumque

146 3256 223 3317 epar
249 3234 368 3317 cantas
385 3255 600 3318 rcescarasscy
624 3256 665 3319 ay
682 3257 778 3320 prcyc
800 3235 842 3316 (si
869 3245 1033 3316 separatus
1055 3245 1105 3297 est
1125 3235 1188 3311 vir,
1214 3238 1280 3295 ..tt

146 3338 241 3400 fuerit
265 3337 460 3421 poenitentia
485 3339 587 3420 primo
612 3339 690 3414 viro,
716 3343 800 3423 quod
825 3339 1021 3404 discessisset
1046 3361 1066 3401 a
1087 3340 1217 3404 muliere
1233 3334 1281 3412 sua)

149 3445 225 3524 Leg.
246 3447 274 3503 2.
296 3450 324 3504 1.
347 3449 396 3504 18.
421 3465 456 3504 cr
478 3443 534 3506 din
549 3444 725 3507 rebriuasci
738 3445 846 3526 (homo
862 3444 918 3528 qui
932 3444 1161 3528 vulneraverit)
1178 3451 1207 3507 2.
1224 3451 1247 3506 5.
1260 3447 1281 3499 5·

146 3570 167 3631 y
188 3567 304 3629 coroyn
324 3547 471 3630 rywelsei
485 3557 563 3634 trwy
578 3574 599 3635 y
615 3550 680 3613 Ιιαα
697 3551 816 3634 (puella
831 3573 926 3634 quam
940 3550 1063 3612 viderat
1077 3571 1135 3632 per
1149 3546 1283 3623 somnum)

149 3651 236 3715 Mab.
257 3657 293 3727 3,
313 3656 384 3714 267.
416 3677 459 3739 ny
479 3655 625 3739 rysoelsei
644 3655 762 3740 ciryoet
782 3659 861 3735 (non
883 3657 1005 3720 viderat
1024 3660 1184 3740 unquam)
1200 3662 1232 3732 3,
1247 3655 1282 3715 32.

149 3763 221 3818 265.
239 3758 343 3842 ywrtls
357 3760 527 3843 ryuuassci
539 3760 644 3844 kynno
660 3761 767 3845 hynny
784 3765 835 3842 (ut
851 3762 953 3825 fuerat
968 3766 1077 3844 antea)
1095 3770 1127 3841 3,
1147 3769 1197 3825 15.

233 3863 345 3926 Futur.
364 3866 514 3928 secund.:
540 3865 597 3950 last
610 3865 789 3951 rywnelycls
805 3867 841 3930 di
855 3868 1012 3951 (quamvis
1028 3867 1140 3931 feceris
1155 3869 1204 3949 tu)
1218 3859 1284 3927 Mat·

150 3974 179 4042 3,
197 3973 269 4029 304.
287 3978 345 4054 ayt
359 3993 409 4032 oes
425 3992 464 4033 αν
477 3995 498 4056 y
514 3969 594 4033 hclw
608 3993 727 4056 namyn
741 3994 782 4056 αν
796 3973 873 4058 urity
889 3973 983 4037 hwnn
999 3996 1059 4058 cys
1071 3995 1111 4059 ry
1124 3971 1221 4058 dycko
1231 3959 1288 4031 istil

149 4073 261 4136 ίααααα
280 4074 381 4158 ysiyd
398 4077 581 4160 pymodawc
603 4076 653 4139 idi
672 4081 750 4157 (non
771 4090 925 4160 superest,
947 4078 1138 4155 comitissae,
1162 4076 1224 4141 nisi
1241 4089 1288 4134 ¹111⁸

150 4179 262 4241 domus
277 4179 365 4254 hacc,
383 4203 478 4262 quam
493 4203 558 4243 non
574 4181 739 4245 abstulerit
753 4204 856 4246 comes
867 4183 995 4267 juvenis
1011 4184 1137 4247 vicinus
1152 4184 1196 4266 ei)
1213 4189 1238 4257 1,
1250 4180 1288 4238 28·

235 4283 420 4348 Infinitivus
441 4308 539 4349 unam
560 4287 733 4369 praesentis
756 4288 1010 4353 terminationem
1033 4289 1189 4354 exhibens
1207 4309 1225 4351 a
1242 4280 1290 4347 solt

151 4387 305 4468 particula
322 4389 436 4473 accipit
458 4413 587 4454 sensum
608 4393 786 4475 praeteriti:
813 4396 952 4459 adnabat
970 4416 1068 4459 aoruc
1082 4394 1225 4482 ryyaffll
1234 4390 1289 4475 llys·
