2896 4980
162 338 224 401 378
346 338 393 401 ΙΙ.
412 345 443 400 4.
490 358 590 402 raon.
608 358 698 401 narr.
716 357 1134 403 remotissimorum.

159 507 288 570 venient
301 507 374 590 ipsi,
388 518 420 570 et
436 507 462 569 si
477 528 542 570 non
557 507 694 571 viderint
706 518 748 583 te,
762 528 892 590 aegrum
902 507 964 570 erit
974 505 1036 589 eis)
1051 514 1080 583 1,
1099 514 1147 568 14.
1164 502 1275 590 tetlcy

159 612 216 675 tet
230 635 280 697 wy
296 612 457 694 (dicebant
470 613 554 690 illae,
572 613 663 694 fem.)
683 620 710 689 1,
730 618 803 674 251.
823 616 896 674 264.

244 719 375 782 Formae
389 718 558 802 ampliatae
573 718 800 793 WYNTWY,
820 716 1039 780 WYNTEU:
1060 716 1212 802 hwynttoy
1224 717 1278 801 uod!

157 823 265 909 hynny
287 823 457 888 udoethant
478 808 553 906 (ipsi
579 833 688 906 postea
715 822 898 903 veniebant)
919 822 1009 885 Mab.
1028 826 1065 899 2,
1084 828 1158 885 236.
1182 822 1278 885 kata

157 928 287 992 huitteu
302 929 497 1012 (possideant
511 928 586 1012 ipsi)
602 929 681 1011 Lag.
701 933 731 990 2.
752 933 802 989 10.
822 931 851 989 2.
876 949 914 990 ac
936 935 1062 1011 wynteu
1081 949 1126 1012 pn
1148 927 1278 990 caedat

157 1034 284 1119 kylleill
297 1039 343 1116 (ct
356 1034 417 1117 ipsi
433 1034 619 1117 sagittantes
634 1032 778 1095 cultellos
793 1035 881 1114 suos)
894 1033 983 1095 Mab.
1001 1039 1031 1108 1,
1047 1038 1077 1093 3.
1095 1054 1135 1094 ac
1149 1042 1278 1115 estwapa

149 1160 276 1220 pennen
288 1149 445 1224 aoruqant
454 1147 578 1224 wyntm
590 1141 636 1219 (et
647 1137 812 1201 demittere
822 1137 928 1220 capita
938 1158 997 1214 sua
1007 1148 1182 1221 coeperunt
1191 1137 1223 1218 ii)
1236 1143 1246 1197 1
1250 1142 1277 1213 ,l

239 1246 337 1309 Corn.
355 1266 468 1308 annor.
486 1264 582 1307 masc.
600 1255 632 1307 et
645 1243 720 1306 scm.
736 1243 765 1305 Ι.
790 1243 906 1306 Com:
924 1241 973 1303 ia
987 1241 1098 1305 want
1117 1242 1278 1326 Okrbtpm

152 1371 247 1434 qun
269 1350 307 1431 (ii
328 1350 523 1414 vestivarunt
538 1347 701 1411 Christum
721 1347 794 1410 alba
813 1358 911 1422 veste,
935 1346 1067 1428 Judaei)
1083 1348 1174 1410 Pass.
1194 1355 1274 1424 114,1

154 1477 175 1538 y
190 1476 211 1516 a
226 1476 345 1530 armas,
362 1477 383 1538 y
400 1476 420 1516 a
436 1455 555 1538 letetps
570 1452 810 1536 (clamaverunt,
828 1452 978 1515 dixerunt
993 1451 1027 1528 ii,
1046 1453 1193 1535 apostoli)
1208 1458 1275 1528 42,1

156 1565 207 1635 51,
224 1566 254 1621 3.
270 1584 292 1645 y
308 1582 329 1622 a
343 1560 438 1622 welas
454 1558 615 1643 onflouqli
629 1558 714 1643 yonlc
729 1557 829 1641 (ipsae
844 1555 993 1620 viderunt
1003 1578 1142 1639 puerum
1151 1559 1278 1642 juvenal,

154 1663 303 1745 feminae)
321 1669 393 1740 254,
413 1667 443 1725 2.
463 1670 493 1725 3.
524 1665 669 1726 Armant
692 1673 762 1727 aeta
777 1686 810 1747 y,
834 1671 903 1726 aeta
923 1685 945 1747 y
966 1683 1064 1726 aman
1086 1668 1172 1744 (ecce
1190 1662 1221 1738 ii,
1235 1680 1278 1725 ctu

153 1766 176 1829 ii
198 1766 264 1848 hic)
281 1769 366 1831 Buh.
388 1775 459 1845 162,
481 1775 529 1829 14.
552 1774 622 1844 168,
644 1775 694 1831 13.
718 1790 789 1831 maz
811 1767 964 1851 rohenty
986 1766 1027 1829 ho
1049 1767 1233 1832 benedictioni
1249 1768 1278 1845 (¹1¹

152 1871 231 1934 mihi
252 1873 329 1936 dent
349 1873 373 1936 ii
392 1894 483 1937 suam
504 1873 771 1956 benedictionem)
790 1878 861 1948 118,
881 1877 932 1935 23.
966 1873 1056 1935 Hod.
1078 1873 1126 1950 lai,
1151 1871 1278 1952 utrinam

150 1977 287 2059 generis.

237 2084 405 2148 Hactenus
428 2085 545 2149 formae
566 2083 790 2168 pronominum
806 2083 840 2147 in
855 2083 979 2147 casibus
994 2083 1101 2160 rectis,
1119 2080 1278 2147 nominatim

151 2188 345 2270 pracsertim,
368 2190 530 2255 interdum
551 2202 583 2253 et
605 2189 795 2265 accusativo,
821 2190 877 2272 qui
902 2199 940 2253 ut
964 2189 1092 2252 dativus
1117 2185 1276 2272 nequem·

150 2292 258 2356 formis
274 2294 381 2358 infixis
396 2295 445 2358 vel
461 2296 585 2360 suffixis
597 2295 766 2358 indicatur.
792 2298 856 2360 Pro
866 2294 1006 2378 genitivo
1018 2294 1053 2357 in
1064 2304 1188 2358 vetusta
1198 2292 1276 2373 lingw

149 2398 328 2462 britannica
349 2402 574 2484 supponendae
593 2400 742 2463 videntur
762 2422 846 2476 mou,
865 2409 927 2476 tou,
945 2421 985 2462 ou
1007 2409 1068 2462 etc.
1095 2400 1149 2480 (cs.
1172 2391 1275 2461 hiberi

149 2526 223 2566 cum
244 2526 335 2586 pron.
353 2527 386 2588 p.
406 2508 493 2585 334).
526 2506 719 2588 Exemplum
741 2504 897 2567 vetustius
922 2510 951 2566 3.
969 2525 1074 2586 pers:
1092 2526 1160 2587 pop
1173 2494 1276 2588 effredi

148 2629 206 2670 aoo
227 2610 269 2692 dy
292 2607 424 2671 mannia
439 2610 663 2693 Morpannltuc
682 2633 727 2695 yn
749 2611 797 2696 lys
818 2632 858 2672 ou
879 2610 930 2674 bot
948 2632 991 2694 yn
1013 2609 1140 2672 tollat!
1158 2611 1197 2694 dy
1215 2620 1275 2683 etot?

152 2712 263 2775 Teliau
285 2736 327 2797 ny
351 2713 399 2797 lys
419 2721 516 2798 yntou
539 2717 646 2795 (omne
664 2715 718 2797 jus
740 2717 825 2798 quod
848 2714 944 2777 frierit
965 2714 1033 2796 regi
1056 2706 1275 2777 Moroantuciit

48 2893 56 2906 ·
147 2816 221 2879 aula
243 2816 322 2900 ejus,
340 2817 375 2880 in
396 2841 454 2881 sua
474 2820 558 2895 aula,
577 2819 618 2882 sit
642 2820 802 2903 integrum
817 2821 964 2904 episcopo
979 2818 1103 2882 Teliavi
1117 2819 1151 2881 in
1165 2818 1276 2881 aulam

148 2923 263 3005 ipsius)
281 2922 392 2985 Privil.
411 2923 487 2987 eccl.
506 2926 609 2988 Land.
627 2925 662 2987 in
683 2926 754 2988 libr.
773 2927 875 2988 Laud.
892 2948 925 3008 p.
948 2931 1018 2986 113.
1041 2932 1112 2986 114.
1146 2926 1183 2987 In
1200 2938 1274 2985 rccffl·

147 3028 223 3091 tiore
247 3028 358 3111 lingua
379 3051 452 3104 nau,
472 3037 523 3092 teu
544 3052 634 3093 versa
653 3044 728 3094 sunt
743 3032 777 3093 in
792 3029 979 3114 possessiva,
997 3029 1091 3091 obvia
1106 3029 1140 3091 in
1154 3025 1275 3112 positia!

144 3135 300 3211 absoluta,
318 3157 382 3198 non
404 3148 585 3199 constructa
605 3158 679 3199 cum
703 3135 920 3200 substantivis.
954 3135 1112 3217 Exempla
1131 3133 1209 3197 infra
1220 3132 1274 3193 iutt¹

144 3260 329 3322 possessiva.

423 3463 469 3524 ΙΙ.
518 3462 710 3526 Pronomina
724 3463 902 3546 personalia
917 3462 1027 3523 infixa.

227 3651 277 3711 Ad
306 3648 552 3732 significandum
579 3652 794 3715 accusativum
823 3649 1021 3734 pronominis
1047 3660 1145 3733 atquc
1163 3645 1271 3711 datium

143 3755 233 3839 infigi
248 3756 352 3817 solent
365 3754 485 3818 radices
499 3757 744 3838 pronominalcs,
763 3769 800 3819 ut
814 3756 849 3819 in
864 3757 975 3838 lingua
989 3755 1173 3830 hibernica3
1194 3753 1225 3815 in
1234 3739 1273 3809 bl·

143 3860 269 3923 tannica
291 3872 397 3923 tamen
422 3882 544 3944 semper
564 3862 647 3925 inter
662 3863 833 3946 particulas
849 3860 1034 3923 terminatas
1049 3860 1219 3935 vocalibus,
1231 3866 1273 3914 v&

140 3965 226 4028 bules
241 3967 437 4048 pracsertim,
455 3978 488 4029 ct
504 3969 645 4043 verbum,
663 3989 729 4030 non
744 3967 828 4030 intcr
841 3965 1110 4049 praepositionem
1125 3978 1158 4027 et
1171 3961 1274 4027 mditffl

139 4070 225 4133 verbi
247 4072 424 4153 compositi.
456 4073 553 4154 Apud
575 4072 769 4134 britannicos
791 4071 957 4155 scriptores
978 4071 1074 4133 solita
1089 4084 1139 4134 cst
1153 4056 1274 4152 scparllil

136 4175 366 4258 pronominum
388 4176 560 4239 infixorum
582 4199 648 4240 una
673 4199 746 4239 cum
767 4176 942 4260 particulis,
967 4188 1033 4239 tam
1054 4174 1275 4258 personalium·

137 4280 253 4356 verbis,
271 4303 367 4364 quam
388 4282 636 4364 possessivorum
658 4304 677 4344 a
692 4281 911 4357 substantivis,
928 4302 1002 4344 cum
1018 4294 1131 4347 contra
1145 4279 1225 4365 apud
1234 4264 1273 4335 lli·

134 4384 248 4447 bemos
262 4396 404 4450 vetustos
420 4408 545 4471 sempor
560 4387 602 4451 sit
612 4386 739 4471 junctio
754 4386 910 4450 omnium.
