2896 4980
230 318 364 379 XLVIII
717 330 914 375 unianimo.

230 484 623 580 maticesauslogiem,
650 507 686 556 e.
713 507 770 578 gr.
796 482 1042 577 separationis
1059 480 1404 577 prenominamu-

230 608 392 679 fixomm
415 629 502 678 cum
524 602 717 698 particulis
731 600 1403 701 praecedentibus-arethusam&-

229 723 679 815 mauvisroqumubus,
724 743 820 813 quae
842 721 950 795 solitu
976 730 1046 805 est·
1065 718 1329 803 incensum
1358 719 1404 793 li·

230 844 319 917 bris.
365 843 559 924 <mamm
575 850 721 913 tantum
738 839 895 911 nimium
911 838 1108 919 hedenus·
1120 860 1262 932 pumm-
1281 862 1403 933 susm

231 962 386 1035 matices
403 984 513 1035 usum
537 959 643 1051 sequi
667 957 790 1040 uolui,
828 965 871 1029 ut
895 956 1181 1052 disjunctionem
1198 954 1403 1033 munuum

230 1079 542 1176 praepositionum
558 1103 645 1151 cum
656 1075 935 1171 pronominibus
945 1075 1230 1154 coalescentium
1245 1074 1307 1155 vel
1323 1099 1404 1151 rer-

230 1199 372 1272 bubum
389 1197 589 1271 formarum
605 1219 719 1269 unam
736 1218 862 1267 rocem
880 1193 1201 1274 constituentium,
1230 1216 1326 1284 quae
1344 1218 1403 1266 oc-

230 1316 567 1391 curritineditioue
580 1302 900 1387 carminiscorniei
910 1311 1185 1391 messiones
1201 1336 1257 1406 gr.
1277 1312 1407 1387 ill-W

230 1437 345 1517 setho,
362 1458 389 1530 y
407 1435 477 1517 the,
490 1457 520 1528 J
531 1434 604 1515 tto,
619 1457 647 1528 y
662 1433 755 1507 noso
770 1430 1032 1525 mummola,
1044 1432 1140 1526 atde.
1152 1429 1253 1527 yslo,
1263 1432 1400 1526 Μαι.

231 1553 337 1632 Quae
362 1550 559 1647 disjunctio
576 1550 669 1622 mira
693 1549 804 1621 etiam
821 1549 862 1621 in
880 1549 1077 1631 cambricis
1096 1548 1323 1623 editionibus
1344 1549 1405 1623 in-

232 1673 378 1744 tardum
389 1669 537 1764 legitur,
559 1677 603 1741 ut
614 1668 654 1739 in
663 1669 766 1740 Mab.
787 1669 819 1751 1,
842 1667 901 1740 19.
919 1668 1012 1739 249:
1035 1667 1199 1766 monast,
1222 1669 1399 1752 olorum,

231 1812 250 1862 o
268 1790 387 1871 hamt,
409 1796 448 1860 et
463 1787 505 1858 in
520 1787 625 1858 libris
641 1785 794 1881 linguae
809 1785 1008 1859 armoricae
1024 1785 1234 1869 hodiernus,
1256 1793 1301 1858 ut
1311 1813 1404 1861 war-

231 1929 362 1986 n-oun,
388 1906 653 1986 war-n-ezltcn,
682 1928 749 1997 pro
770 1927 950 1985 reomaus,
981 1927 1185 1985 warrwzan,
1218 1903 1404 1978 informis

231 2023 349 2097 auctis
367 2024 467 2106 odon,
489 2048 588 2096 wara
605 2022 665 2094 vel
682 2046 820 2095 cccrum
837 2022 1148 2116 praepositionum
1167 2045 1199 2103 o,
1223 2047 1297 2097 war
1314 2034 1401 2096 ante

231 2141 449 2239 pronomina
465 2139 609 2213 suffixa.
645 2140 913 2213 Grammaticos
930 2149 985 2211 est
1003 2140 1061 2211 vel
1078 2140 1201 2221 lexici,
1224 2165 1298 2212 non
1316 2143 1405 2213 scri-

231 2270 362 2356 pturae
380 2261 557 2343 usitatae,
591 2261 723 2330 harum
747 2257 946 2330 formarum
970 2267 1089 2329 ortum
1117 2260 1329 2342 ostendere,
1361 2270 1404 2332 ut

232 2381 322 2452 alias
340 2403 408 2460 res,
431 2402 464 2449 e.
479 2401 535 2473 gr.
553 2376 767 2448 varietatem
782 2376 999 2469 quantitatis
1017 2376 1075 2447 vel
1093 2377 1404 2469 pronuntiationis

232 2496 426 2578 vocalium,
449 2517 544 2586 quae
562 2493 838 2587 conspiciuntur
851 2495 890 2565 in
902 2494 1089 2567 hodiernis
1101 2495 1204 2567 libris
1219 2495 1405 2568 armoricis

233 2623 403 2687 oneratae
427 2611 536 2684 variis
561 2612 790 2694 accentibus,
831 2637 922 2706 quos
955 2614 1060 2685 omisi
1092 2613 1278 2697 consulto,
1319 2639 1405 2686 cnm

233 2757 309 2804 non
334 2732 455 2804 adsint
479 2732 519 2803 in
542 2729 814 2802 vetustioribus.
856 2732 1040 2804 Cambrici
1063 2732 1149 2804 libri
1173 2733 1284 2803 etiam
1308 2733 1406 2828 ejus-

234 2850 334 2922 modi
352 2861 543 2921 accentum
569 2849 808 2920 recentiorem
826 2850 1002 2927 offerunt.
1031 2853 1095 2922 sed
1113 2875 1229 2921 unum
1247 2850 1404 2922 circum·

234 2968 373 3040 flexum
390 2968 430 3039 in
448 2967 635 3039 vocalibus
652 2968 858 3061 productis.
888 2980 930 3040 ut
952 2970 994 3040 in
1006 2973 1103 3064 quun
1123 2969 1295 3063 (vinum),
1327 2993 1405 3041 sae-

233 3088 391 3181 piusque
409 3086 449 3157 in
467 3087 642 3178 correptis
659 3086 829 3180 primitus
851 3096 890 3159 et
908 3111 930 3157 e
947 3088 1147 3160 recentiore
1173 3087 1303 3182 lingua
1320 3112 1405 3181 pro-

234 3206 374 3286 ductis,
407 3229 440 3274 c.
463 3229 518 3299 gr.
540 3205 579 3274 in
599 3206 659 3275 tcta
687 3204 818 3298 (ignis),
849 3207 969 3276 verbis
992 3207 1032 3277 in
1050 3208 1138 3287 -du,
1172 3207 1238 3278 tan
1264 3206 1401 3300 (senex)

235 3333 320 3401 etc„
356 3332 398 3392 ut
427 3322 457 3392 si
481 3323 661 3393 scribatur
683 3324 890 3416 germanice
916 3326 1005 3420 wip,
1035 3326 1140 3421 pede,
1172 3347 1255 3393 cum
1280 3347 1298 3393 e
1321 3348 1406 3417 pro-

235 3444 347 3512 ducta
375 3439 484 3509 hodie
514 3439 593 3511 loco
617 3450 803 3534 correptae
834 3442 1041 3534 primitivae
1065 3467 1084 3514 c
1107 3442 1165 3512 vel
1196 3445 1209 3512 i
1234 3441 1273 3511 in
1298 3443 1401 3536 goth.

235 3563 324 3654 cipe,
341 3558 440 3653 pita,
463 3582 577 3652 germ.
602 3568 673 3631 vet.
696 3585 797 3655 cusq,
815 3561 916 3655 pitu.

339 3675 445 3753 Quae
471 3678 570 3769 apud
597 3677 815 3748 Marcellum
840 3678 1169 3773 Burdegalensem,
1205 3676 1408 3771 Virgilium

236 3794 535 3889 grammaticum,
565 3795 605 3865 in
623 3795 743 3889 glossa
764 3796 987 3891 malbergica
1004 3797 1179 3891 leguntur
1196 3796 1403 3890 peregrina,

236 3912 404 3984 inaudita
421 3911 480 3983 vel
496 3912 702 4006 incognita,
731 3913 761 3985 si
786 3915 869 4005 quis
891 3914 1113 4006 quaesiverit
1135 3915 1175 3985 in
1193 3914 1262 3985 hoc
1280 3936 1403 4007 opere,

236 4054 311 4102 non
335 4029 519 4114 inveniet3
551 4030 591 4100 in
614 4029 672 4101 his
696 4032 867 4103 omnibus
890 4032 988 4102 enim
1003 4031 1174 4123 equidem
1193 4056 1260 4103 nee
1280 4032 1408 4102 inveni

236 4172 362 4220 vocem
381 4147 547 4219 celticam
566 4171 634 4218 nec
651 4148 812 4220 invenio.

340 4267 413 4337 Sed
440 4274 638 4358 antequam
663 4267 774 4360 hujus
798 4266 883 4338 libri
908 4269 1020 4339 finem
1042 4267 1154 4352 facio,
1185 4268 1278 4340 mihi
1303 4277 1411 4363 grato

237 4383 360 4455 animo
378 4386 696 4456 commemoranda
712 4393 767 4454 est
786 4384 945 4457 virorum
962 4388 1152 4458 doctorum
1171 4397 1208 4460 et
1226 4386 1411 4459 clarorum
