2896 4980
321 103 351 166 1.
381 113 408 167 1.
455 126 626 170 cousossu
641 125 868 171 smrsuurcss
883 126 1057 176 braurone.
1215 107 1275 171 129

148 290 195 337 tun
205 272 325 357 liquidis
340 272 533 358 quibusdam
547 274 746 357 (praesertim
760 297 789 351 r,
807 274 968 339 interdum
984 277 1006 352 l,
1024 298 1094 341 raro
1108 280 1157 360 n),
1179 289 1274 362 atquo

92 398 94 417 ¹
144 390 205 441 ertra
220 379 409 464 positionem
423 379 459 443 in
473 378 603 442 vocibus
618 379 679 455 eis,
697 380 732 443 in
748 381 863 464 quibus
878 393 1021 445 servatur
1035 382 1196 447 hibernice
1212 394 1274 447 sao

143 492 177 545 tus
187 483 365 566 originarius
381 505 549 547 consonae.
574 486 695 548 Contra
709 485 764 549 ubi
776 486 880 549 inficit
891 486 1052 549 hibernica
1063 488 1174 571 lingua
1185 501 1275 553 extra

137 590 309 672 pontionem,
322 589 501 653 britannice
512 602 655 653 servatur
670 600 771 654 status
783 591 962 674 primarius.
987 572 1116 656 Praeter
1128 594 1275 657 tenuium

136 693 745 779 lmojamregularemiufectionem
766 696 993 779 aspiratam
1014 696 1273 779 liuguaebritan·

135 799 202 863 niem
221 801 348 864 dialecti
373 811 514 877 veteres,
538 811 605 863 tam
626 801 783 864 cambrica
804 824 901 885 quam
927 802 1097 878 armorica,
1122 804 1274 868 exhibent

135 904 304 969 solummodo
319 904 413 969 initia
437 904 671 969 infectionis
696 906 972 970 destituentis
999 919 1031 970 ct
1056 909 1220 972 uasalis.

197 1010 364 1075 Recentior
382 1010 496 1093 lingua
516 1011 613 1075 trium
632 1011 840 1075 dialectorum
856 1011 943 1092 (inde
966 1035 985 1076 a
1000 1013 1161 1077 codicibus
1177 1016 1270 1097 Leg„

136 1112 214 1191 llo,
229 1117 348 1180 Vocab.
366 1127 399 1180 et
413 1117 517 1198 Buh.)
532 1117 633 1200 magis
654 1117 820 1200 magisque
841 1117 1026 1200 ampliorem
1041 1120 1197 1183 ambitum
1212 1120 1273 1183 sibi

136 1221 231 1300 pararit
255 1221 507 1286 infectionis
532 1221 805 1285 destituentis
829 1225 876 1305 (p.
895 1229 968 1305 48),
986 1248 1067 1308 quae
1088 1246 1154 1287 uon
1169 1225 1273 1289 solum

137 1326 308 1408 amplectitur
324 1338 447 1403 tenueS,
464 1338 503 1390 ut
523 1326 559 1390 in
579 1327 741 1391 hibernica
755 1328 929 1392 recentiore
944 1342 977 1393 et
1000 1330 1122 1413 gaelica
1137 1333 1183 1413 (p.
1203 1335 1269 1414 87),

138 1431 176 1491 tel
191 1433 280 1495 etiam
294 1433 415 1496 medias
431 1443 463 1496 et
477 1432 632 1515 liquidas,
651 1433 733 1497 solas
752 1432 952 1516 aspirataset
967 1435 1123 1517 spirantes
1138 1435 1273 1499 intactas

140 1533 299 1620 relinquens.
333 1539 490 1622 Exempla
510 1559 584 1621 ergo
607 1561 819 1603 consonarum
832 1539 1099 1617 britannicarum,
1118 1552 1155 1603 ut
1170 1541 1273 1606 biber-

140 1638 401 1721 enumeratus
431 1654 496 1707 tam
524 1643 678 1726 primitivi
705 1667 800 1728 quam
828 1645 937 1710 infecti
913 1656 1136 1728 trsequcutur
1161 1668 1273 1710 secuu-

140 1742 192 1809 lun
203 1748 324 1813 classes

580 1970 795 2054 Liquidae.

197 2122 388 2228 LMN
408 2126 473 2227 R·
524 2165 566 2227 In
598 2164 905 2228 vetustissimis
938 2165 1115 2230 britannice
1147 2162 1271 2248 scriptis

92 2318 102 2349 ,
139 2268 201 2333 nula
217 2274 313 2338 ctiam
334 2285 403 2339 tum
425 2275 687 2339 animadvertitur
706 2276 898 2360 liquidarum
918 2277 1065 2353 infectio,
1091 2298 1194 2360 neque
1209 2275 1272 2339 alia

92 2356 99 2387 ἶ
139 2370 259 2443 1lltihaec
274 2381 345 2465 ipsa
358 2381 495 2465 simplex
509 2382 620 2445 forma.

101 2560 106 2573 Ι
197 2484 426 2550 (lambrione
451 2508 559 2550 voces:
586 2487 695 2549 ludam
718 2486 776 2570 (gl.
801 2489 929 2571 caedo),
957 2488 1031 2551 lover
1054 2489 1112 2571 (gl.
1139 2487 1268 2569 solum),

139 2578 213 2651 brou
225 2592 283 2674 (gl.
300 2592 458 2673 frutices),
476 2591 521 2656 rit
536 2591 594 2675 (gl.
613 2593 756 2675 vadum),
774 2595 894 2657 montel
912 2595 969 2678 (gl.
988 2593 1122 2675 trutina)
1138 2593 1173 2656 in
1187 2592 1271 2674 glos·

138 2683 409 2762 boloniensibus.

195 2802 437 2866 Armoricae:
466 2803 587 2879 Laloc,
616 2796 797 2880 Lowenan,
835 2805 1051 2879 Hoelmonoe,
1080 2803 1267 2879 Resmonoc,

138 2896 275 2989 Rt'tkipoe,
298 2908 428 2984 Rietoc,
450 2908 586 2972 Rianau
601 2918 661 2971 etc.
684 2908 769 2972 iuter
788 2909 918 2973 nomina
939 2909 1066 2994 propria
1085 2906 1269 2970 chartularii

138 3000 337 3076 Rhedouensis.

194 3118 288 3181 Nulla
308 3117 405 3180 etiam
427 3117 462 3181 in
478 3120 532 3195 M,
556 3140 637 3201 quae
658 3118 828 3182 infectione
849 3116 1032 3182 recentioris
1047 3116 1175 3201 liuguae
1191 3118 1268 3181 adeo

92 3220 98 3251 l
137 3210 262 3286 balium
286 3245 403 3286 sonum
429 3223 562 3301 transit,
585 3223 733 3300 variatio,
758 3235 796 3287 ut
816 3225 953 3306 probant
973 3224 1118 3306 exempla
1138 3234 1187 3288 sat
1208 3224 1267 3287 frc-

137 3327 243 3399 ιιιιιίι.

194 3434 404 3498 Cambrica
420 3436 456 3497 M
471 3434 591 3498 intacta
605 3434 639 3497 in
656 3435 749 3498 initio
760 3433 862 3496 vocis:
880 3433 938 3498 hin
949 3455 1024 3515 mup
1039 3436 1091 3513 (ut
1104 3434 1205 3516 filius)
1220 3435 1265 3517 gl.

139 3526 227 3615 (bouq
251 3539 500 3623 incompositis:
526 3540 670 3623 dipotma
685 3539 743 3622 (gl.
761 3542 864 3620 area),
883 3539 1067 3623 diqotmoou
1089 3540 1146 3621 (gl.
1165 3539 1264 3622 circi),

137 3645 306 3711 teramum
333 3647 391 3729 (gl.
410 3645 566 3726 theatra),
592 3644 858 3728 quordiminnaus
885 3645 943 3728 (gl.
967 3644 1105 3718 invitus3
1131 3644 1183 3706 di·
1193 3653 1264 3727 m.),

140 3733 247 3815 W
262 3751 361 3835 (avia)
376 3752 420 3834 gl.
436 3752 542 3814 Oxou.
568 3752 609 3813 In
621 3751 726 3814 medio
737 3771 850 3813 vocum
862 3760 952 3813 extra
962 3748 1168 3832 positionem:
1187 3770 1266 3811 eme·

139 3842 238 3936 dotlgl.
250 3879 323 3920 aera
323 3856 624 3939 ),9uodeimisaucb
641 3856 855 3937 (sustulistis),
866 3855 970 3917 domet
969 3853 999 3915 ic
957 3852 1189 3933 (domitus)
1200 3876 1266 3917 cre·

139 3960 249 4043 l¹⁰¹⁸(gl
259 3866 387 4044 barrius),
399 3961 556 4043 plumeae
574 3962 762 4045 (pulvinar),
780 3961 882 4024 nimer
898 3961 1078 4039 (uumerus)
1093 3959 1137 4040 gl.
1156 3959 1262 4022 Oxou.

138 4048 224 4141 llmet,
233 4068 354 4143 Dimet,
365 4069 489 4144 Dumn,
504 4068 674 4130 Gurdumn
687 4067 831 4147 (uomina
845 4065 998 4144 virorum)
1011 4062 1131 4127 Chrou.
1145 4065 1263 4127 cambr.

92 4248 95 4291 Ι
138 4148 256 4325 luillae}
278 4174 320 4236 ad
341 4175 392 4236 ed
411 4174 508 4255 Leg.;
534 4172 568 4235 in
588 4173 761 4255 positione.
787 4171 907 4236 celmed
925 4169 983 4253 (gl.
1001 4169 1145 4334 efficax),
1167 4169 1271 4233 arntel
