2896 4980
429 1233 878 1336 PRAEFATIO.

566 1507 730 1517 ———

166 1651 362 1774 Linguae,
385 1703 480 1771 quac
497 1678 595 1750 inter
619 1685 792 1769 cognatas
811 1675 957 1771 linguas
976 1679 1023 1747 ab
1042 1678 1151 1747 India
1167 1702 1233 1770 per·

61 1802 194 1874 Asiam
221 1811 258 1873 et
285 1803 471 1895 Europam
497 1802 667 1873 dilatatas
692 1808 857 1870 extrema
882 1810 937 1871 est
962 1801 1001 1871 in
1026 1801 1227 1882 occidente,

63 1931 254 2002 naturam,
294 1921 511 1992 varietatem
541 1920 749 2011 formasque
779 1942 800 1988 e
829 1908 1073 1989 fundamento
1103 1944 1233 1990 monu-

63 2049 273 2111 mentorum
300 2039 525 2110 exstantium
559 2046 787 2110 vetustorum
814 2060 997 2129 exponere
1024 2039 1229 2130 aggredior.

65 2161 190 2253 Opera
207 2159 491 2251 perscrutandae
505 2157 661 2237 indicae,
682 2163 868 2225 extremae
887 2154 1052 2249 ejusdem
1070 2153 1232 2227 familiae

65 2276 104 2346 in
115 2276 219 2357 Asia,
243 2298 317 2366 qua
330 2275 532 2369 plurimum
545 2275 638 2346 lucis
652 2275 864 2369 linguarum
885 2272 1051 2343 affinium
1069 2275 1232 2345 omniurn

66 2395 241 2465 scientiae
261 2392 481 2464 addiderunt
499 2394 567 2466 viri
587 2393 696 2475 docti,
720 2392 751 2463 si
768 2392 894 2488 magni
907 2415 1051 2486 semper
1062 2392 1234 2464 habenda

66 2523 139 2594 est,
169 2536 243 2583 non
262 2511 366 2603 parii
384 2512 495 2582 etiam
513 2513 583 2584 erit
601 2511 827 2583 aestimanda
848 2535 960 2605 opera
985 2536 1047 2592 ea,
1078 2512 1234 2602 quatiat

67 2629 222 2701 facultas
248 2630 468 2722 inspiciendi
492 2630 593 2725 leges
617 2630 767 2723 linguae
792 2629 951 2700 nationis
977 2627 1114 2700 fractae
1133 2629 1233 2700 illius

68 2749 218 2840 quidem
231 2747 311 2842 jam
336 2749 494 2831 dudum,
526 2751 590 2820 sed
616 2747 791 2819 latissime
816 2749 1001 2839 quondam
1025 2771 1092 2840 per
1116 2749 1234 2818 Euro-

66 2891 151 2959 pam
178 2867 358 2957 patentis,
388 2867 492 2962 eujus
519 2867 669 2961 linguae
695 2868 829 2937 rudera
853 2867 937 2937 ideo
957 2890 1032 2936 non
1050 2890 1131 2937 rara
1148 2878 1234 2938 sunt

61 2984 141 3078 jam
175 3008 198 3053 a
228 2984 382 3056 vetustis
414 2985 657 3077 temporibus,
702 2994 814 3076 atque
849 2984 959 3054 hodie
992 3008 1139 3074 quoque
1169 3009 1233 3054 ex-

66 3111 164 3172 stant
181 3102 220 3170 in
240 3100 321 3173 aliis
339 3103 603 3174 recentioribus
621 3103 771 3196 linguis.
802 3104 887 3180 Qua
901 3125 1012 3195 opera
1023 3102 1134 3170 etiam
1148 3104 1233 3172 sul»

66 3230 228 3291 struetur
244 3216 527 3291 fundamentum
544 3221 804 3292 vocabulorum
831 3219 918 3289 moli
936 3218 1075 3289 recenti
1093 3218 1152 3290 rel
1170 3221 1235 3290 ad-

66 3340 139 3410 huc
158 3338 345 3431 superstiti
363 3338 442 3432 ejus
456 3339 576 3432 gentis
590 3340 629 3409 in
650 3338 788 3432 linguis
803 3337 1001 3408 hodiernis
1026 3336 1228 3420 hibernica,

65 3454 226 3549 gaclica,
250 3455 452 3535 cambrica.
475 3457 664 3529 armorica.

164 3575 210 3644 ln
222 3573 369 3666 linguas
378 3576 572 3647 nationum
583 3576 761 3671 majorum
775 3579 990 3657 vicimrum,
1003 3578 1233 3668 gennanicao

65 3699 105 3761 et
118 3690 286 3773 slavicae,
298 3691 378 3786 jam
391 3692 612 3784 inquisitum
626 3719 704 3766 esse
717 3705 944 3789 perscrutato
960 3699 1089 3768 eodem
1102 3694 1234 3766 funda-

64 3822 191 3879 mento
200 3809 372 3881 historico
385 3823 717 3895 monumentorum,
727 3815 867 3886 nemini
880 3839 994 3910 gnaro
1008 3815 1233 3885 eruditorum

63 3926 278 3998 recentioris
303 3930 434 4002 aetatis
456 3931 624 4003 laborum
641 3932 810 4026 ignotum
835 3942 902 4004 est.
950 3933 1105 4003 Nostrae
1123 3932 1234 4025 hujus

65 4053 255 4115 extremae
267 4047 306 4117 in
321 4048 510 4121 occidente
523 4050 674 4145 linguae
690 4061 929 4121 monumenta
943 4059 1087 4123 vetusta
1101 4049 1236 4142 scripta

64 4187 88 4232 a
105 4150 194 4234 siris
221 4163 422 4260 indigenis,
453 4169 595 4240 ratione
622 4194 695 4240 non
721 4170 850 4241 habita
867 4169 1058 4240 nominum
1076 4175 1236 4239 seruato-

63 4304 148 4352 rum
167 4307 190 4351 a
208 4281 445 4376 scriptoribus
463 4288 742 4371 vetustioribus,
765 4289 904 4385 graecis
923 4298 961 4358 et
977 4286 1113 4363 latinis,
1137 4294 1236 4357 aeta-

63 4410 141 4470 tem
168 4402 319 4492 quidem
346 4430 420 4476 uon
444 4407 632 4501 attingunt
658 4414 979 4479 monumentorum
1007 4404 1235 4501 germanicae
