2896 4980
216 326 286 390 111.
305 329 341 390 2.
368 347 472 390 vnum
487 345 685 390 nnrrsmvrci
700 346 812 390 sorim
829 347 988 392 Tauroni
1003 346 1184 391 ramirus.
1199 327 1295 413 2505

129 497 256 559 dorsum
271 517 327 580 ny,
344 493 400 556 vol
411 495 635 558 edeuedosaom
651 518 694 579 ny
709 496 800 559 velot
814 500 865 578 (ut
879 496 1019 560 diximus
1034 501 1144 579 supra)
1160 497 1239 579 Leg.
1264 502 1293 558 1.

128 609 156 664 5.
179 606 236 674 12;
256 605 287 661 2.
309 607 337 662 1.
358 607 373 660 7
383 623 394 675 ;
414 606 452 661 36
462 623 472 673 ;
492 604 522 661 2.
544 607 594 662 11.
614 607 665 663 38.
697 622 780 686 mwy
805 623 864 664 noo
886 603 1126 687 adywedoasom
1146 601 1184 664 ni
1202 602 1297 664 octor

124 705 241 788 (major
255 725 353 788 quam
366 703 506 767 diximus
522 707 632 787 supra)
648 706 736 769 Mab.
757 712 787 783 2,
809 714 839 769 6.
862 707 965 792 kanys
980 709 1146 770 rodassam
1160 706 1198 769 m‘
1210 706 1295 770 idaw

123 813 165 896 ef
174 814 267 891 (nam
290 809 435 872 dedimus
451 831 509 873 nos
524 809 568 891 ei)
584 812 673 873 Mab.
695 819 722 888 l,
743 818 815 873 265.
841 812 948 894 aphau
963 811 1108 875 doetham
1124 811 1161 873 ni
1171 832 1246 895 yma
1261 809 1298 873 m‘

123 936 307 1000 ayawssam
323 915 466 1002 lowenyd
479 914 623 997 opharch
635 919 681 997 (et
696 938 770 980 cum
784 917 929 980 venimus
944 916 1032 992 illuc,
1047 916 1189 999 cepimus
1204 915 1294 978 laoti-

123 1022 206 1084 tiam
221 1031 256 1082 et
271 1019 439 1101 honorem)
455 1020 544 1082 Mab.
566 1027 593 1096 1,
613 1027 664 1083 36.

211 1126 310 1189 Corn.
329 1125 420 1188 SYN
445 1123 625 1188 terminatio
646 1129 859 1208 exspectanda
878 1138 961 1190 esset
980 1148 997 1188 e
1014 1129 1118 1203 Pass,
1136 1126 1227 1209 cujus
1249 1137 1295 1188 ta·

123 1253 201 1294 men
224 1251 291 1293 non
305 1229 370 1312 legi
385 1230 578 1312 exemplum.
610 1232 707 1313 Apud
724 1233 840 1314 Pryee:
862 1232 1005 1315 quelson,
1023 1231 1060 1294 ni
1073 1254 1094 1294 α
1108 1231 1219 1294 aelian
1235 1230 1295 1311 (vi-

124 1337 262 1417 dimus).

213 1442 340 1503 Armor.
356 1439 488 1503 SOMP.
509 1440 616 1504 Etiam
627 1441 721 1506 hodie
733 1443 899 1524 kanzomp,
914 1440 1065 1522 kanjomp
1078 1440 1291 1522 (cecinimus),

125 1547 282 1627 dlezomp,
298 1545 435 1626 dlry'omp
451 1545 658 1629 (debuimus),
674 1548 856 1629 leverzomp,
872 1547 1039 1629 leaeryomp
1055 1545 1222 1628 (diximus)
1237 1567 1294 1628 pro

124 1652 295 1733 kansomp,
314 1650 464 1731 dlesomp,
485 1650 665 1733 leversomp.

214 1761 245 1817 2.
259 1777 343 1838 pers.
369 1755 496 1819 Cambr.
510 1755 704 1834 ASAUCH,
720 1758 902 1821 ISAUCH.
927 1758 1100 1819 Vetustum
1109 1755 1177 1838 jam
1189 1778 1294 1818 exom-

126 1862 221 1945 plum
236 1861 321 1923 inter
335 1861 456 1943 glossas
472 1860 597 1923 Oxon.:
614 1862 873 1943 quodeimr'rauclt
889 1862 1102 1943 (sustulistis).

216 1966 313 2029 Corn.
332 1966 488 2029 SOUGH
509 1968 565 2045 (=
578 1967 695 2028 cambr.
721 1966 863 2048 -saaoh):
889 1967 943 2028 del
963 1964 1121 2047 welsouqh
1143 1968 1194 2044 (ut
1216 1964 1295 2026 vidi·

125 2071 201 2153 stis)
219 2072 309 2133 Pass.
328 2077 402 2147 255,
422 2075 451 2132 2.
466 2092 557 2155 qur
572 2093 592 2133 a
608 2071 788 2153 leversouylt
804 2074 928 2151 (verum
942 2070 1081 2149 dixistis)
1099 2075 1150 2143 50,
1171 2075 1201 2130 4.

214 2178 339 2238 Armor.
358 2176 452 2240 SOT.
485 2176 592 2239 Hodie
615 2197 740 2260 quoque
763 2176 887 2251 kanzot,
905 2175 1017 2256 hamat
1034 2172 1232 2254 (oacinistis),
1252 2172 1293 2234 ls-

125 2289 242 2358 oerzot,
261 2282 390 2361 meva!
404 2280 516 2361 (locuti
531 2281 620 2361 estis)
636 2304 694 2364 pro
708 2281 831 2356 kansot,
850 2281 991 2343 leoersot.

216 2392 247 2448 3.
264 2407 347 2470 pers.
379 2386 506 2448 Cambr.
524 2385 683 2462 ASANT,
702 2386 890 2462 ASSANT,
909 2384 1081 2459 lSSANT,
1100 2383 1233 2446 SANT:
1259 2403 1294 2444 er

125 2491 190 2556 ten
211 2491 420 2575 kefreytltyeu
442 2513 462 2553 a
484 2500 682 2575 estervsaaanc
701 2513 778 2576 arey
800 2493 941 2555 onadunt
955 2492 1131 2554 oadassaat
1143 2489 1257 2573 yredee
1272 2508 1293 2548 a

125 2618 185 2682 rey
207 2620 228 2660 a
250 2597 472 2660 emendassent
492 2619 531 2658 aa
552 2596 654 2681 ereyll
672 2619 710 2658 en
732 2595 832 2680 kubyl
851 2619 871 2658 o
892 2597 1075 2681 dyleassant
1096 2619 1134 2658 ao
1155 2594 1257 2679 ereyll
1276 2614 1293 2654 o

125 2710 251 2786 neuuyt
269 2722 290 2762 a
305 2700 522 2765 hosodasaaot.
543 2748 551 2763 .
572 2748 579 2762 .
600 2747 608 2762 .
626 2723 664 2763 aa
679 2710 895 2764 auarnossant
909 2725 947 2763 eu
962 2703 1043 2764 coda
1059 2705 1192 2780 (veteres
1209 2699 1293 2780 leges

125 2805 364 2882 examinarunt,
383 2805 441 2868 viri
463 2805 621 2888 sapientes
642 2805 801 2881 cambrici,
820 2816 852 2867 ot
872 2807 1025 2887 quasdam
1045 2827 1085 2867 ex
1100 2805 1145 2866 eis
1160 2803 1293 2884 relique·

125 2921 206 2975 runt
216 2910 364 2983 intactas,
375 2921 407 2973 et
419 2912 571 2993 quasdam
583 2912 803 2985 emendarunt,
815 2921 846 2972 et
858 2910 935 2972 alias
947 2909 1077 2970 omnino
1088 2910 1290 2989 abrogarunt,

126 3029 160 3080 et
182 3015 261 3078 alias
278 3017 317 3078 de
333 3037 416 3078 novo
430 3027 616 3097 posuerunt,
638 3063 644 3077 .
666 3063 673 3078 .
691 3027 724 3078 et
738 3017 944 3077 decreverunt
959 3035 1011 3075 eas
1026 3034 1093 3074 esse
1109 3012 1291 3091 servandas)

127 3123 209 3204 Leg.
227 3121 325 3203 praei.
343 3121 537 3184 elloskasant
550 3123 675 3183 ⁴dracon.
697 3168 704 3182 .
726 3168 732 3182 .
751 3119 946 3183 etrikassant
965 3140 1002 3180 en
1025 3140 1041 3179 e
1064 3118 1157 3201 lloyd
1170 3115 1291 3196 (incon-

126 3228 247 3290 derunt
260 3226 432 3301 Arbonem,
454 3273 460 3287 .
482 3273 488 3287 .
507 3236 726 3287 remanserunt
741 3225 776 3286 in
792 3223 900 3304 amris)
917 3224 995 3304 Lag,
1016 3228 1045 3284 2.
1065 3227 1095 3283 2.
1117 3228 1145 3283 1.
1169 3219 1292 3282 chweoh

126 3331 224 3395 ereill
242 3329 406 3415 oqymertlr
427 3352 466 3414 oy
481 3351 591 3392 oruoa.
609 3352 648 3392 oo
662 3352 699 3391 oe
711 3328 926 3413 qoleltassant.
949 3375 955 3389 .
977 3376 984 3389 .
1002 3327 1199 3391 odadassant
1213 3323 1293 3387 lliei·

126 3458 190 3500 παι
205 3456 244 3497 ar
265 3459 286 3520 y
302 3436 432 3519 tyrdeu.
451 3457 489 3497 oo
504 3456 524 3496 a
539 3436 776 3518 orlrrnjdassaot
789 3443 881 3517 vat.
903 3482 910 3495 .
931 3482 938 3496 .
956 3434 1165 3496 adiodassant
1178 3454 1217 3516 vy
1233 3431 1260 3494 lc
1280 3466 1293 3477 -

127 3539 287 3603 doticwiao
303 3542 373 3620 (sex
394 3539 484 3615 aliae,
502 3539 638 3622 puellae,
662 3561 801 3602 sumsere
823 3562 910 3602 arma
932 3562 1001 3602 mea
1023 3551 1055 3601 et
1075 3539 1223 3602 lavarunt
1242 3558 1291 3613 ea,

129 3693 137 3707 .
160 3692 167 3706 .
186 3655 219 3706 et
240 3655 420 3706 stravonmt
442 3644 509 3706 lina
530 3666 625 3726 supra
644 3667 770 3708 mensus
786 3656 818 3707 et
832 3645 1054 3708 ministrarunt
1069 3645 1186 3719 cibum,
1208 3691 1215 3704 .
1237 3691 1243 3704 .
1262 3653 1295 3704 et

126 3751 335 3813 detraxerunt
357 3760 477 3811 vestem
500 3770 603 3811 meam
624 3749 892 3832 pulverulentam)
909 3752 996 3813 Mab.
1020 3757 1047 3824 l,
1067 3757 1097 3810 4.
1121 3772 1142 3831 y
1163 3748 1293 3809 hardas·

126 3863 204 3917 aaut
213 3863 337 3937 wynteu
348 3877 386 3917 oo
397 3877 418 3938 y
427 3864 727 3938 qoresqymvossant.
745 3902 752 3915 .
769 3901 776 3914 .
793 3902 800 3914 .
815 3877 884 3938 aoy
897 3855 1077 3917 lladasaant
1087 3875 1125 3914 eu
1134 3871 1226 3935 μαψ
1237 3850 1291 3912 oll.

127 3981 168 4022 aa
181 3982 203 4043 y
216 3960 395 4042 qadassant
407 3981 428 4042 y
438 3960 591 4041 ywrayed
599 3982 643 4043 yn
654 3981 722 4043 syro
735 3958 880 4040 (profecti
893 3970 969 4020 sunt
980 3959 1041 4041 ipsi
1052 3969 1084 4020 et
1096 3956 1290 4041 depopulati,

130 4112 137 4124 .
160 4074 219 4126 .et
242 4064 468 4126 interfecerunt
490 4084 599 4125 eorum
621 4064 703 4125 viros
726 4084 845 4137 omnes,
871 4073 903 4124 ot
925 4061 1068 4124 siverunt
1088 4061 1236 4125 mulieres
1259 4061 1293 4122 in

125 4168 208 4249 vita)
224 4169 312 4231 Mab.
333 4175 362 4244 3,
382 4173 455 4229 274.
480 4190 519 4230 aa
540 4168 815 4252 ayyuarcltossaot
835 4168 909 4229 well
921 4167 1016 4229 idme.
1035 4190 1073 4229 ac
1087 4167 1294 4229 owiscassant

125 4275 300 4359 ymdonaw
316 4276 362 4354 (et
383 4274 564 4337 salutarunt
584 4295 668 4350 eum,
687 4285 719 4335 et
739 4272 937 4335 vestivorunt
958 4276 1046 4354 eum)
1062 4273 1150 4335 Mab.
1170 4277 1200 4347 2,
1220 4277 1250 4332 8.
1272 4293 1294 4354 y

126 4378 326 4464 trr‘qyaasoot
349 4402 371 4463 y
397 4400 453 4443 nos
483 4382 682 4459 (manserunt
707 4399 763 4460 por
788 4382 928 4460 noctem)
944 4379 1032 4441 Mab.
1055 4386 1088 4452 l,
1108 4381 1180 4437 270.
1210 4397 1248 4437 aa
1273 4397 1294 4458 y
