<?xml version="1.0" encoding="UTF-8"?>
<!DOCTYPE html PUBLIC "-//W3C//DTD XHTML 1.0 Transitional//EN"
    "http://www.w3.org/TR/xhtml1/DTD/xhtml1-transitional.dtd">
<html xmlns="http://www.w3.org/1999/xhtml" xml:lang="en" lang="en">
 <head>
  <title>
</title>
<meta http-equiv="Content-Type" content="text/html;charset=utf-8" />
  <meta name='ocr-system' content='tesseract 3.04.00' />
  <meta name='ocr-capabilities' content='ocr_page ocr_carea ocr_par ocr_line ocrx_word'/>
</head>
<body>
  <div class='ocr_page' id='page_1' title='image "./grammaticacelti00zeusgoog_0267.png"; bbox 0 0 2896 4980; ppageno 0'>
   <div class='ocr_carea' id='block_1_1' title="bbox 147 341 1243 403">
    <p class='ocr_par' dir='ltr' id='par_1_1' title="bbox 147 341 1243 403">
     <span class='ocr_line' id='line_1_1' title="bbox 147 341 1243 403; baseline -0.002 0"><span class='ocrx_word' id='word_1_1' title='bbox 147 343 209 403; x_wconf 80' lang='grc'><strong>201</strong></span> <span class='ocrx_word' id='word_1_2' title='bbox 265 341 294 403; x_wconf 95' lang='grc' dir='ltr'>Ι.</span> <span class='ocrx_word' id='word_1_3' title='bbox 313 344 344 402; x_wconf 89' lang='grc'>2.</span> <span class='ocrx_word' id='word_1_4' title='bbox 376 357 546 403; x_wconf 79' lang='lat' dir='ltr'>corsossn</span> <span class='ocrx_word' id='word_1_5' title='bbox 560 355 787 401; x_wconf 73' lang='lat' dir='ltr'>snrrsmucsn</span> <span class='ocrx_word' id='word_1_6' title='bbox 802 354 1016 400; x_wconf 73' lang='lat' dir='ltr'>mcuosnnrs</span> <span class='ocrx_word' id='word_1_7' title='bbox 1030 356 1243 402; x_wconf 77' lang='lat' dir='ltr'>rnnrrrrvsr.</span> 
     </span>
    </p>
   </div>
   <div class='ocr_carea' id='block_1_2' title="bbox 135 507 1350 4496">
    <p class='ocr_par' dir='ltr' id='par_1_2' title="bbox 144 507 1298 804">
     <span class='ocr_line' id='line_1_2' title="bbox 146 507 1298 593; baseline -0.003 -19"><span class='ocrx_word' id='word_1_8' title='bbox 146 511 300 593; x_wconf 82' lang='lat' dir='ltr'>Esing.)</span> <span class='ocrx_word' id='word_1_9' title='bbox 334 507 523 573; x_wconf 89' lang='lat' dir='ltr'>Possessivis</span> <span class='ocrx_word' id='word_1_10' title='bbox 545 507 698 571; x_wconf 81' lang='lat' dir='ltr'><strong>absolutis</strong></span> <span class='ocrx_word' id='word_1_11' title='bbox 720 507 997 570; x_wconf 88' lang='lat' dir='ltr'>adnumerandum</span> <span class='ocrx_word' id='word_1_12' title='bbox 1015 507 1091 570; x_wconf 82' lang='lat' dir='ltr'>fem.</span> <span class='ocrx_word' id='word_1_13' title='bbox 1112 513 1143 570; x_wconf 99' lang='grc'><strong>3.</strong></span> <span class='ocrx_word' id='word_1_14' title='bbox 1161 530 1209 592; x_wconf 89' lang='lat' dir='ltr'>ps.</span> <span class='ocrx_word' id='word_1_15' title='bbox 1224 507 1298 593; x_wconf 91' lang='lat' dir='ltr'>sing.</span> 
     </span>
     <span class='ocr_line' id='line_1_3' title="bbox 144 612 1298 702; baseline 0.002 -24"><span class='ocrx_word' id='word_1_16' title='bbox 144 641 177 702; x_wconf 75' lang='lat' dir='ltr'>y,</span> <span class='ocrx_word' id='word_1_17' title='bbox 196 616 223 678; x_wconf 86' lang='lat' dir='ltr'>si</span> <span class='ocrx_word' id='word_1_18' title='bbox 238 638 304 678; x_wconf 92' lang='lat' dir='ltr'>non</span> <span class='ocrx_word' id='word_1_19' title='bbox 319 625 496 698; x_wconf 88' lang='lat' dir='ltr'>sequuntur</span> <span class='ocrx_word' id='word_1_20' title='bbox 512 624 634 690; x_wconf 87' lang='lat' dir='ltr'>tenues,</span> <span class='ocrx_word' id='word_1_21' title='bbox 653 635 735 697; x_wconf 87' lang='lat' dir='ltr'>quae</span> <span class='ocrx_word' id='word_1_22' title='bbox 749 612 931 696; x_wconf 79' lang='lat' dir='ltr'>aspirantur</span> <span class='ocrx_word' id='word_1_23' title='bbox 945 613 985 675; x_wconf 88' lang='lat' dir='ltr'>ab</span> <span class='ocrx_word' id='word_1_24' title='bbox 1000 613 1123 676; x_wconf 83' lang='lat' dir='ltr'>eodem.</span> <span class='ocrx_word' id='word_1_25' title='bbox 1158 615 1298 699; x_wconf 80' lang='lat' dir='ltr'>Exempla</span> 
     </span>
     <span class='ocr_line' id='line_1_4' title="bbox 145 718 847 804; baseline -0.007 -20"><span class='ocrx_word' id='word_1_26' title='bbox 145 721 227 785; x_wconf 85' lang='lat' dir='ltr'>infra</span> <span class='ocrx_word' id='word_1_27' title='bbox 241 722 276 784; x_wconf 91' lang='lat' dir='ltr'>in</span> <span class='ocrx_word' id='word_1_28' title='bbox 291 720 393 804; x_wconf 85' lang='lat' dir='ltr'>capite</span> <span class='ocrx_word' id='word_1_29' title='bbox 408 720 447 781; x_wconf 86' lang='lat' dir='ltr'>de</span> <span class='ocrx_word' id='word_1_30' title='bbox 462 718 714 802; x_wconf 85' lang='lat' dir='ltr'>pronominibus.</span> <span class='ocrx_word' id='word_1_31' title='bbox 827 720 847 752; x_wconf 82' lang='lat'><em>⁰</em></span> 
     </span>
    </p>

    <p class='ocr_par' dir='ltr' id='par_1_3' title="bbox 143 824 1350 1547">
     <span class='ocr_line' id='line_1_5' title="bbox 230 824 1284 908; baseline -0.001 -18"><span class='ocrx_word' id='word_1_32' title='bbox 230 826 416 890; x_wconf 85' lang='lat' dir='ltr'>Corniee.</span> <span class='ocrx_word' id='word_1_33' title='bbox 448 827 482 904; x_wconf 86' lang='lat' dir='ltr'>a)</span> <span class='ocrx_word' id='word_1_34' title='bbox 506 825 584 887; x_wconf 85' lang='lat' dir='ltr'>Post</span> <span class='ocrx_word' id='word_1_35' title='bbox 605 824 794 907; x_wconf 85' lang='lat' dir='ltr'>pronomina</span> <span class='ocrx_word' id='word_1_36' title='bbox 814 824 992 908; x_wconf 79' lang='lat' dir='ltr'>possessiva</span> <span class='ocrx_word' id='word_1_37' title='bbox 1012 826 1160 889; x_wconf 84' lang='lat' dir='ltr'>absoluta</span> <span class='ocrx_word' id='word_1_38' title='bbox 1185 833 1210 888; x_wconf 92' lang='grc'><strong>1.</strong></span> <span class='ocrx_word' id='word_1_39' title='bbox 1225 836 1252 888; x_wconf 84' lang='lat' dir='ltr'>et</span> <span class='ocrx_word' id='word_1_40' title='bbox 1264 831 1284 889; x_wconf 90' lang='grc'>2.</span> 
     </span>
     <span class='ocr_line' id='line_1_6' title="bbox 145 928 1284 1017; baseline -0.001 -22"><span class='ocrx_word' id='word_1_41' title='bbox 145 956 228 1017; x_wconf 85' lang='lat' dir='ltr'>pers.</span> <span class='ocrx_word' id='word_1_42' title='bbox 242 932 326 1016; x_wconf 90' lang='lat' dir='ltr'>plur.</span> <span class='ocrx_word' id='word_1_43' title='bbox 344 953 440 1015; x_wconf 71' lang='lat' dir='ltr'>agan,</span> <span class='ocrx_word' id='word_1_44' title='bbox 459 929 551 1012; x_wconf 47' lang='lat' dir='ltr'>apsa·</span> <span class='ocrx_word' id='word_1_45' title='bbox 575 928 607 1010; x_wconf 81' lang='lat' dir='ltr'>b)</span> <span class='ocrx_word' id='word_1_46' title='bbox 629 940 702 1011; x_wconf 90' lang='lat' dir='ltr'>post</span> <span class='ocrx_word' id='word_1_47' title='bbox 712 928 890 1012; x_wconf 87' lang='lat' dir='ltr'>personalia</span> <span class='ocrx_word' id='word_1_48' title='bbox 905 928 1006 992; x_wconf 87' lang='lat' dir='ltr'>infixa</span> <span class='ocrx_word' id='word_1_49' title='bbox 1024 938 1053 992; x_wconf 91' lang='lat'>1.</span> <span class='ocrx_word' id='word_1_50' title='bbox 1071 951 1155 1013; x_wconf 86' lang='lat' dir='ltr'>pers.</span> <span class='ocrx_word' id='word_1_51' title='bbox 1173 931 1284 1014; x_wconf 81' lang='lat' dir='ltr'>singli</span> 
     </span>
     <span class='ocr_line' id='line_1_7' title="bbox 145 1034 1350 1120; baseline -0.002 -19"><span class='ocrx_word' id='word_1_52' title='bbox 145 1042 237 1119; x_wconf 80' lang='lat' dir='ltr'>(am),</span> <span class='ocrx_word' id='word_1_53' title='bbox 261 1039 346 1120; x_wconf 88' lang='lat' dir='ltr'>plur.</span> <span class='ocrx_word' id='word_1_54' title='bbox 372 1037 404 1099; x_wconf 92' lang='lat' dir='ltr'>N</span> <span class='ocrx_word' id='word_1_55' title='bbox 428 1036 556 1117; x_wconf 74' lang='lat' dir='ltr'>(agan),</span> <span class='ocrx_word' id='word_1_56' title='bbox 577 1039 607 1096; x_wconf 92' lang='grc'>2.</span> <span class='ocrx_word' id='word_1_57' title='bbox 624 1055 708 1115; x_wconf 87' lang='lat' dir='ltr'>pers.</span> <span class='ocrx_word' id='word_1_58' title='bbox 732 1035 817 1116; x_wconf 93' lang='lat' dir='ltr'>plur.</span> <span class='ocrx_word' id='word_1_59' title='bbox 843 1035 865 1097; x_wconf 91' lang='lat' dir='ltr'>S</span> <span class='ocrx_word' id='word_1_60' title='bbox 888 1034 1003 1119; x_wconf 75' lang='lat' dir='ltr'>(nqis),</span> <span class='ocrx_word' id='word_1_61' title='bbox 1023 1042 1053 1097; x_wconf 90' lang='grc'><strong>3.</strong></span> <span class='ocrx_word' id='word_1_62' title='bbox 1071 1057 1155 1118; x_wconf 84' lang='lat' dir='ltr'>pers.</span> <span class='ocrx_word' id='word_1_63' title='bbox 1178 1036 1282 1119; x_wconf 77' lang='lat' dir='ltr'>singet</span> <span class='ocrx_word' id='word_1_64' title='bbox 1347 1054 1350 1059; x_wconf 84' lang='lat'>&#39;</span> 
     </span>
     <span class='ocr_line' id='line_1_8' title="bbox 143 1139 1280 1227; baseline -0.003 -20"><span class='ocrx_word' id='word_1_65' title='bbox 143 1145 227 1227; x_wconf 88' lang='lat' dir='ltr'>plur.</span> <span class='ocrx_word' id='word_1_66' title='bbox 246 1145 278 1206; x_wconf 94' lang='lat' dir='ltr'>N</span> <span class='ocrx_word' id='word_1_67' title='bbox 299 1144 387 1223; x_wconf 76' lang='lat' dir='ltr'>(aa),</span> <span class='ocrx_word' id='word_1_68' title='bbox 406 1141 428 1204; x_wconf 90' lang='lat' dir='ltr'>S</span> <span class='ocrx_word' id='word_1_69' title='bbox 450 1143 532 1221; x_wconf 86' lang='lat' dir='ltr'>(as);</span> <span class='ocrx_word' id='word_1_70' title='bbox 562 1142 592 1219; x_wconf 83' lang='lat' dir='ltr'>o)</span> <span class='ocrx_word' id='word_1_71' title='bbox 613 1150 686 1221; x_wconf 90' lang='lat' dir='ltr'>post</span> <span class='ocrx_word' id='word_1_72' title='bbox 705 1139 881 1222; x_wconf 87' lang='lat' dir='ltr'>possessiva</span> <span class='ocrx_word' id='word_1_73' title='bbox 900 1140 1001 1204; x_wconf 84' lang='lat' dir='ltr'>infixa</span> <span class='ocrx_word' id='word_1_74' title='bbox 1024 1149 1052 1203; x_wconf 91' lang='lat'>1.</span> <span class='ocrx_word' id='word_1_75' title='bbox 1070 1162 1153 1224; x_wconf 85' lang='lat' dir='ltr'>pers.</span> <span class='ocrx_word' id='word_1_76' title='bbox 1171 1142 1280 1225; x_wconf 79' lang='lat' dir='ltr'>singli</span> 
     </span>
     <span class='ocr_line' id='line_1_9' title="bbox 144 1244 1350 1333; baseline -0.003 -21"><span class='ocrx_word' id='word_1_77' title='bbox 144 1251 236 1331; x_wconf 87' lang='lat' dir='ltr'>(am),</span> <span class='ocrx_word' id='word_1_78' title='bbox 254 1248 338 1330; x_wconf 89' lang='lat' dir='ltr'>plur.</span> <span class='ocrx_word' id='word_1_79' title='bbox 356 1247 400 1310; x_wconf 90' lang='lat' dir='ltr'>N.</span> <span class='ocrx_word' id='word_1_80' title='bbox 433 1246 589 1307; x_wconf 83' lang='lat' dir='ltr'>Addenda</span> <span class='ocrx_word' id='word_1_81' title='bbox 604 1256 681 1307; x_wconf 90' lang='lat' dir='ltr'>sunt</span> <span class='ocrx_word' id='word_1_82' title='bbox 700 1266 843 1328; x_wconf 91' lang='lat' dir='ltr'>pronom.</span> <span class='ocrx_word' id='word_1_83' title='bbox 861 1266 996 1328; x_wconf 79' lang='lat' dir='ltr'>possess.</span> <span class='ocrx_word' id='word_1_84' title='bbox 1014 1244 1161 1309; x_wconf 86' lang='lat' dir='ltr'>absoluta</span> <span class='ocrx_word' id='word_1_85' title='bbox 1178 1255 1204 1309; x_wconf 90' lang='lat'>1.</span> <span class='ocrx_word' id='word_1_86' title='bbox 1217 1267 1278 1331; x_wconf 86' lang='lat' dir='ltr'>pen.</span> <span class='ocrx_word' id='word_1_87' title='bbox 1345 1280 1350 1333; x_wconf 75' lang='lat'>3</span> 
     </span>
     <span class='ocr_line' id='line_1_10' title="bbox 144 1350 1350 1436; baseline -0.003 -19"><span class='ocrx_word' id='word_1_88' title='bbox 144 1377 201 1430; x_wconf 84' lang='lat' dir='ltr'>ow,</span> <span class='ocrx_word' id='word_1_89' title='bbox 221 1361 250 1415; x_wconf 84' lang='lat'>3.</span> <span class='ocrx_word' id='word_1_90' title='bbox 269 1374 351 1436; x_wconf 88' lang='lat' dir='ltr'>pers.</span> <span class='ocrx_word' id='word_1_91' title='bbox 369 1351 452 1434; x_wconf 87' lang='lat' dir='ltr'>sing.</span> <span class='ocrx_word' id='word_1_92' title='bbox 471 1352 545 1415; x_wconf 86' lang='lat' dir='ltr'>sem.</span> <span class='ocrx_word' id='word_1_93' title='bbox 562 1374 583 1435; x_wconf 75' lang='lat' dir='ltr'><em>y</em></span> <span class='ocrx_word' id='word_1_94' title='bbox 599 1362 631 1413; x_wconf 82' lang='lat' dir='ltr'>et</span> <span class='ocrx_word' id='word_1_95' title='bbox 645 1351 729 1435; x_wconf 90' lang='lat' dir='ltr'>plur.</span> <span class='ocrx_word' id='word_1_96' title='bbox 749 1357 779 1413; x_wconf 92' lang='grc'><strong>3.</strong></span> <span class='ocrx_word' id='word_1_97' title='bbox 797 1372 880 1434; x_wconf 87' lang='lat' dir='ltr'>pers.</span> <span class='ocrx_word' id='word_1_98' title='bbox 898 1373 972 1434; x_wconf 73' lang='lat' dir='ltr'>apa,</span> <span class='ocrx_word' id='word_1_99' title='bbox 990 1350 1018 1413; x_wconf 90' lang='lat' dir='ltr'>si</span> <span class='ocrx_word' id='word_1_100' title='bbox 1037 1372 1105 1414; x_wconf 92' lang='lat' dir='ltr'>non</span> <span class='ocrx_word' id='word_1_101' title='bbox 1126 1352 1234 1414; x_wconf 86' lang='lat' dir='ltr'>adsunt</span> <span class='ocrx_word' id='word_1_102' title='bbox 1249 1360 1279 1413; x_wconf 78' lang='lat' dir='ltr'>te</span> <span class='ocrx_word' id='word_1_103' title='bbox 1347 1370 1350 1377; x_wconf 88' lang='lat'>·</span> 
     </span>
     <span class='ocr_line' id='line_1_11' title="bbox 143 1455 1277 1541; baseline -0.003 -19"><span class='ocrx_word' id='word_1_104' title='bbox 143 1481 235 1535; x_wconf 81' lang='lat' dir='ltr'>nuos,</span> <span class='ocrx_word' id='word_1_105' title='bbox 253 1480 334 1541; x_wconf 89' lang='lat' dir='ltr'>quae</span> <span class='ocrx_word' id='word_1_106' title='bbox 357 1456 476 1520; x_wconf 86' lang='lat' dir='ltr'>scilieet</span> <span class='ocrx_word' id='word_1_107' title='bbox 497 1456 581 1518; x_wconf 88' lang='lat' dir='ltr'>solae</span> <span class='ocrx_word' id='word_1_108' title='bbox 601 1456 783 1538; x_wconf 85' lang='lat' dir='ltr'>aspirantur</span> <span class='ocrx_word' id='word_1_109' title='bbox 798 1467 871 1539; x_wconf 89' lang='lat' dir='ltr'>post</span> <span class='ocrx_word' id='word_1_110' title='bbox 885 1458 1006 1519; x_wconf 84' lang='lat' dir='ltr'>eadem.</span> <span class='ocrx_word' id='word_1_111' title='bbox 1039 1456 1193 1539; x_wconf 81' lang='lat' dir='ltr'>Exempla</span> <span class='ocrx_word' id='word_1_112' title='bbox 1207 1455 1277 1518; x_wconf 82' lang='lat' dir='ltr'>infra</span> 
     </span>
    </p>

    <p class='ocr_par' dir='ltr' id='par_1_4' title="bbox 139 1550 1350 3120">
     <span class='ocr_line' id='line_1_12' title="bbox 227 1550 1350 1644; baseline -0.002 -18"><span class='ocrx_word' id='word_1_113' title='bbox 227 1562 433 1626; x_wconf 87' lang='lat' dir='ltr'>Armorioe</span> <span class='ocrx_word' id='word_1_114' title='bbox 456 1562 491 1623; x_wconf 92' lang='lat' dir='ltr'>in</span> <span class='ocrx_word' id='word_1_115' title='bbox 505 1562 582 1625; x_wconf 79' lang='lat' dir='ltr'>Vita</span> <span class='ocrx_word' id='word_1_116' title='bbox 598 1561 631 1624; x_wconf 91' lang='lat' dir='ltr'>S.</span> <span class='ocrx_word' id='word_1_117' title='bbox 651 1562 788 1625; x_wconf 87' lang='lat' dir='ltr'>Nonnae</span> <span class='ocrx_word' id='word_1_118' title='bbox 809 1572 882 1644; x_wconf 90' lang='lat' dir='ltr'>post</span> <span class='ocrx_word' id='word_1_119' title='bbox 895 1559 1085 1643; x_wconf 88' lang='lat' dir='ltr'>pronomina</span> <span class='ocrx_word' id='word_1_120' title='bbox 1099 1561 1221 1624; x_wconf 79' lang='lat' dir='ltr'>iniectio</span> <span class='ocrx_word' id='word_1_121' title='bbox 1233 1582 1278 1624; x_wconf 77' lang='lat' dir='ltr'>orn</span> <span class='ocrx_word' id='word_1_122' title='bbox 1342 1550 1350 1643; x_wconf 24' lang='grc' dir='ltr'><em>Γ</em></span> 
     </span>
     <span class='ocr_line' id='line_1_13' title="bbox 142 1648 1344 1751; baseline -0.002 -19"><span class='ocrx_word' id='word_1_123' title='bbox 142 1669 220 1732; x_wconf 90' lang='lat' dir='ltr'>nino</span> <span class='ocrx_word' id='word_1_124' title='bbox 235 1691 300 1731; x_wconf 91' lang='lat' dir='ltr'>non</span> <span class='ocrx_word' id='word_1_125' title='bbox 317 1677 427 1730; x_wconf 86' lang='lat' dir='ltr'>notata</span> <span class='ocrx_word' id='word_1_126' title='bbox 442 1666 614 1729; x_wconf 85' lang='lat' dir='ltr'>invenitur.</span> <span class='ocrx_word' id='word_1_127' title='bbox 647 1667 813 1729; x_wconf 85' lang='lat' dir='ltr'>Hodiama</span> <span class='ocrx_word' id='word_1_128' title='bbox 827 1666 939 1750; x_wconf 90' lang='lat' dir='ltr'>lingua</span> <span class='ocrx_word' id='word_1_129' title='bbox 953 1665 1107 1730; x_wconf 87' lang='lat' dir='ltr'>armorica</span> <span class='ocrx_word' id='word_1_130' title='bbox 1120 1648 1279 1751; x_wconf 76' lang='lat' dir='ltr'>generalitar</span> <span class='ocrx_word' id='word_1_131' title='bbox 1341 1736 1344 1743; x_wconf 56' lang='grc'><strong>,</strong></span> 
     </span>
     <span class='ocr_line' id='line_1_14' title="bbox 142 1772 1277 1855; baseline -0.003 -18"><span class='ocrx_word' id='word_1_132' title='bbox 142 1774 312 1838; x_wconf 87' lang='lat' dir='ltr'>coneordat</span> <span class='ocrx_word' id='word_1_133' title='bbox 332 1795 406 1835; x_wconf 89' lang='lat' dir='ltr'>cum</span> <span class='ocrx_word' id='word_1_134' title='bbox 426 1772 593 1848; x_wconf 85' lang='lat' dir='ltr'>cambrica,</span> <span class='ocrx_word' id='word_1_135' title='bbox 612 1774 667 1835; x_wconf 80' lang='lat' dir='ltr'>sed</span> <span class='ocrx_word' id='word_1_136' title='bbox 690 1784 722 1835; x_wconf 87' lang='lat' dir='ltr'>et</span> <span class='ocrx_word' id='word_1_137' title='bbox 741 1772 803 1850; x_wconf 89' lang='lat' dir='ltr'>hic,</span> <span class='ocrx_word' id='word_1_138' title='bbox 822 1781 860 1834; x_wconf 93' lang='lat' dir='ltr'>ut</span> <span class='ocrx_word' id='word_1_139' title='bbox 881 1772 970 1848; x_wconf 87' lang='lat' dir='ltr'>alias,</span> <span class='ocrx_word' id='word_1_140' title='bbox 987 1772 1162 1855; x_wconf 84' lang='lat' dir='ltr'>peculiaria</span> <span class='ocrx_word' id='word_1_141' title='bbox 1181 1782 1210 1836; x_wconf 87' lang='lat' dir='ltr'>et</span> <span class='ocrx_word' id='word_1_142' title='bbox 1225 1793 1277 1835; x_wconf 84' lang='lat' dir='ltr'>ano</span> 
     </span>
     <span class='ocr_line' id='line_1_15' title="bbox 142 1876 1280 1961; baseline 0 -19"><span class='ocrx_word' id='word_1_143' title='bbox 142 1880 226 1942; x_wconf 89' lang='lat' dir='ltr'>mala</span> <span class='ocrx_word' id='word_1_144' title='bbox 248 1880 403 1961; x_wconf 85' lang='lat' dir='ltr'>quaedam</span> <span class='ocrx_word' id='word_1_145' title='bbox 424 1877 586 1960; x_wconf 84' lang='lat' dir='ltr'>produxit.</span> <span class='ocrx_word' id='word_1_146' title='bbox 624 1879 737 1941; x_wconf 89' lang='lat' dir='ltr'>Manet</span> <span class='ocrx_word' id='word_1_147' title='bbox 759 1888 860 1940; x_wconf 88' lang='lat' dir='ltr'>status</span> <span class='ocrx_word' id='word_1_148' title='bbox 887 1876 1077 1960; x_wconf 88' lang='lat' dir='ltr'>originarius</span> <span class='ocrx_word' id='word_1_149' title='bbox 1098 1896 1280 1942; x_wconf 78' lang='lat' dir='ltr'>consonarum</span> 
     </span>
     <span class='ocr_line' id='line_1_16' title="bbox 141 1982 1290 2069; baseline -0.005 -21"><span class='ocrx_word' id='word_1_150' title='bbox 141 1997 214 2068; x_wconf 91' lang='lat' dir='ltr'>post</span> <span class='ocrx_word' id='word_1_151' title='bbox 228 2006 362 2069; x_wconf 88' lang='lat' dir='ltr'>possess.</span> <span class='ocrx_word' id='word_1_152' title='bbox 381 1982 443 2046; x_wconf 79' lang='lat' dir='ltr'>don</span> <span class='ocrx_word' id='word_1_153' title='bbox 465 1986 611 2064; x_wconf 83' lang='lat' dir='ltr'>(noster),</span> <span class='ocrx_word' id='word_1_154' title='bbox 629 1982 668 2046; x_wconf 83' lang='grc' dir='ltr'>Ιιο</span> <span class='ocrx_word' id='word_1_155' title='bbox 685 1985 826 2066; x_wconf 74' lang='lat' dir='ltr'>(vester),</span> <span class='ocrx_word' id='word_1_156' title='bbox 844 1993 917 2067; x_wconf 89' lang='lat' dir='ltr'>post</span> <span class='ocrx_word' id='word_1_157' title='bbox 936 1982 1116 2066; x_wconf 85' lang='lat' dir='ltr'>personalia</span> <span class='ocrx_word' id='word_1_158' title='bbox 1130 1995 1163 2047; x_wconf 86' lang='lat' dir='ltr'>et</span> <span class='ocrx_word' id='word_1_159' title='bbox 1176 1984 1290 2047; x_wconf 73' lang='lat' dir='ltr'>infima¹</span> 
     </span>
     <span class='ocr_line' id='line_1_17' title="bbox 142 2088 1278 2173; baseline -0.003 -19"><span class='ocrx_word' id='word_1_160' title='bbox 142 2095 213 2173; x_wconf 89' lang='lat' dir='ltr'>(te),</span> <span class='ocrx_word' id='word_1_161' title='bbox 231 2090 271 2154; x_wconf 80' lang='lat' dir='ltr'>Iso</span> <span class='ocrx_word' id='word_1_162' title='bbox 287 2093 383 2173; x_wconf 91' lang='lat' dir='ltr'>(vos),</span> <span class='ocrx_word' id='word_1_163' title='bbox 397 2088 537 2172; x_wconf 85' lang='lat' dir='ltr'>exeeptis</span> <span class='ocrx_word' id='word_1_164' title='bbox 555 2098 661 2151; x_wconf 86' lang='lat' dir='ltr'>tamen</span> <span class='ocrx_word' id='word_1_165' title='bbox 676 2089 788 2152; x_wconf 90' lang='lat' dir='ltr'>mediis</span> <span class='ocrx_word' id='word_1_166' title='bbox 804 2089 833 2165; x_wconf 83' lang='grc' dir='ltr'>ὂ,</span> <span class='ocrx_word' id='word_1_167' title='bbox 849 2090 881 2165; x_wconf 85' lang='lat' dir='ltr'>d,</span> <span class='ocrx_word' id='word_1_168' title='bbox 893 2111 927 2173; x_wconf 74' lang='lat' dir='ltr'>g,</span> <span class='ocrx_word' id='word_1_169' title='bbox 942 2110 1023 2171; x_wconf 88' lang='lat' dir='ltr'>quae</span> <span class='ocrx_word' id='word_1_170' title='bbox 1037 2098 1111 2172; x_wconf 87' lang='lat' dir='ltr'>post</span> <span class='ocrx_word' id='word_1_171' title='bbox 1125 2089 1166 2153; x_wconf 79' lang='grc' dir='ltr'>Ιιο</span> <span class='ocrx_word' id='word_1_172' title='bbox 1177 2094 1278 2171; x_wconf 77' lang='lat' dir='ltr'>(vester,</span> 
     </span>
     <span class='ocr_line' id='line_1_18' title="bbox 140 2193 1281 2280; baseline -0.004 -21"><span class='ocrx_word' id='word_1_173' title='bbox 140 2201 209 2279; x_wconf 91' lang='lat' dir='ltr'>vos)</span> <span class='ocrx_word' id='word_1_174' title='bbox 226 2208 258 2260; x_wconf 87' lang='lat' dir='ltr'>et</span> <span class='ocrx_word' id='word_1_175' title='bbox 272 2219 300 2272; x_wconf 79' lang='lat' dir='ltr'>z,</span> <span class='ocrx_word' id='word_1_176' title='bbox 318 2219 357 2259; x_wconf 84' lang='lat' dir='ltr'>az</span> <span class='ocrx_word' id='word_1_177' title='bbox 373 2199 431 2280; x_wconf 87' lang='lat' dir='ltr'>(te)</span> <span class='ocrx_word' id='word_1_178' title='bbox 447 2193 667 2278; x_wconf 84' lang='lat' dir='ltr'>provehuntur</span> <span class='ocrx_word' id='word_1_179' title='bbox 686 2194 720 2256; x_wconf 90' lang='lat' dir='ltr'>in</span> <span class='ocrx_word' id='word_1_180' title='bbox 744 2204 856 2257; x_wconf 88' lang='lat' dir='ltr'>tenues</span> <span class='ocrx_word' id='word_1_181' title='bbox 864 2215 903 2276; x_wconf 86' lang='lat' dir='ltr'>p,</span> <span class='ocrx_word' id='word_1_182' title='bbox 923 2202 945 2271; x_wconf 87' lang='lat' dir='ltr'>t,</span> <span class='ocrx_word' id='word_1_183' title='bbox 962 2195 995 2272; x_wconf 83' lang='lat' dir='ltr'>k,</span> <span class='ocrx_word' id='word_1_184' title='bbox 1013 2205 1046 2257; x_wconf 89' lang='lat' dir='ltr'>et</span> <span class='ocrx_word' id='word_1_185' title='bbox 1061 2205 1193 2279; x_wconf 82' lang='lat' dir='ltr'>excepta</span> <span class='ocrx_word' id='word_1_186' title='bbox 1205 2195 1281 2257; x_wconf 83' lang='lat' dir='ltr'>form</span> 
     </span>
     <span class='ocr_line' id='line_1_19' title="bbox 140 2299 1280 2387; baseline -0.003 -22"><span class='ocrx_word' id='word_1_187' title='bbox 140 2324 275 2387; x_wconf 83' lang='lat' dir='ltr'>possess.</span> <span class='ocrx_word' id='word_1_188' title='bbox 300 2313 333 2364; x_wconf 88' lang='lat' dir='ltr'>et</span> <span class='ocrx_word' id='word_1_189' title='bbox 357 2321 440 2383; x_wconf 88' lang='lat' dir='ltr'>pers.</span> <span class='ocrx_word' id='word_1_190' title='bbox 466 2299 524 2362; x_wconf 77' lang='lat' dir='ltr'>hor</span> <span class='ocrx_word' id='word_1_191' title='bbox 545 2302 682 2379; x_wconf 85' lang='lat' dir='ltr'>(noster,</span> <span class='ocrx_word' id='word_1_192' title='bbox 705 2301 795 2380; x_wconf 88' lang='lat' dir='ltr'>nos),</span> <span class='ocrx_word' id='word_1_193' title='bbox 822 2321 903 2382; x_wconf 89' lang='lat' dir='ltr'>quae</span> <span class='ocrx_word' id='word_1_194' title='bbox 925 2312 1112 2382; x_wconf 76' lang='lat' dir='ltr'>sequentem</span> <span class='ocrx_word' id='word_1_195' title='bbox 1133 2301 1156 2364; x_wconf 78' lang='lat' dir='ltr'><em>k</em></span> <span class='ocrx_word' id='word_1_196' title='bbox 1176 2299 1280 2384; x_wconf 80' lang='lat' dir='ltr'>aspirat·</span> 
     </span>
     <span class='ocr_line' id='line_1_20' title="bbox 142 2405 1281 2490; baseline -0.002 -20"><span class='ocrx_word' id='word_1_197' title='bbox 142 2409 278 2470; x_wconf 87' lang='lat' dir='ltr'>Manent</span> <span class='ocrx_word' id='word_1_198' title='bbox 298 2427 390 2489; x_wconf 92' lang='lat' dir='ltr'>porro</span> <span class='ocrx_word' id='word_1_199' title='bbox 413 2426 569 2467; x_wconf 89' lang='lat' dir='ltr'>consonae</span> <span class='ocrx_word' id='word_1_200' title='bbox 591 2405 728 2467; x_wconf 87' lang='lat' dir='ltr'>intactae</span> <span class='ocrx_word' id='word_1_201' title='bbox 743 2416 815 2488; x_wconf 92' lang='lat' dir='ltr'>post</span> <span class='ocrx_word' id='word_1_202' title='bbox 830 2427 1005 2489; x_wconf 83' lang='lat' dir='ltr'>pronomen</span> <span class='ocrx_word' id='word_1_203' title='bbox 1019 2406 1189 2490; x_wconf 83' lang='lat' dir='ltr'>possessiv.</span> <span class='ocrx_word' id='word_1_204' title='bbox 1208 2414 1233 2468; x_wconf 92' lang='grc'><strong>1.</strong></span> <span class='ocrx_word' id='word_1_205' title='bbox 1247 2423 1281 2488; x_wconf 77' lang='lat' dir='ltr'>ps.</span> 
     </span>
     <span class='ocr_line' id='line_1_21' title="bbox 141 2508 1282 2596; baseline 0.001 -22"><span class='ocrx_word' id='word_1_206' title='bbox 141 2512 224 2593; x_wconf 87' lang='lat' dir='ltr'>sing.</span> <span class='ocrx_word' id='word_1_207' title='bbox 247 2534 287 2573; x_wconf 86' lang='lat' dir='ltr'>oa</span> <span class='ocrx_word' id='word_1_208' title='bbox 309 2514 438 2592; x_wconf 91' lang='lat' dir='ltr'>(meus),</span> <span class='ocrx_word' id='word_1_209' title='bbox 458 2517 488 2571; x_wconf 87' lang='lat'>3.</span> <span class='ocrx_word' id='word_1_210' title='bbox 505 2530 588 2591; x_wconf 89' lang='lat' dir='ltr'>pers.</span> <span class='ocrx_word' id='word_1_211' title='bbox 613 2508 695 2591; x_wconf 89' lang='lat' dir='ltr'>sing.</span> <span class='ocrx_word' id='word_1_212' title='bbox 714 2509 788 2572; x_wconf 84' lang='lat' dir='ltr'>fem.</span> <span class='ocrx_word' id='word_1_213' title='bbox 807 2510 846 2573; x_wconf 74' lang='lat' dir='ltr'>lae</span> <span class='ocrx_word' id='word_1_214' title='bbox 869 2512 1000 2590; x_wconf 87' lang='lat' dir='ltr'>(cambr.</span> <span class='ocrx_word' id='word_1_215' title='bbox 1024 2535 1064 2596; x_wconf 73' lang='lat' dir='ltr'>y,</span> <span class='ocrx_word' id='word_1_216' title='bbox 1082 2512 1186 2594; x_wconf 82' lang='lat' dir='ltr'>fem),</span> <span class='ocrx_word' id='word_1_217' title='bbox 1204 2518 1232 2574; x_wconf 89' lang='grc'><strong>3.</strong></span> <span class='ocrx_word' id='word_1_218' title='bbox 1246 2528 1282 2593; x_wconf 71' lang='lat' dir='ltr'>pa·</span> 
     </span>
     <span class='ocr_line' id='line_1_22' title="bbox 141 2596 1350 2701; baseline 0.001 -23"><span class='ocrx_word' id='word_1_219' title='bbox 141 2618 224 2701; x_wconf 87' lang='lat' dir='ltr'>plur.</span> <span class='ocrx_word' id='word_1_220' title='bbox 249 2615 288 2678; x_wconf 74' lang='lat' dir='ltr'>lto</span> <span class='ocrx_word' id='word_1_221' title='bbox 312 2618 451 2695; x_wconf 81' lang='lat' dir='ltr'>(eorum3</span> <span class='ocrx_word' id='word_1_222' title='bbox 477 2617 594 2677; x_wconf 88' lang='lat' dir='ltr'>cambr.</span> <span class='ocrx_word' id='word_1_223' title='bbox 613 2617 683 2697; x_wconf 81' lang='lat' dir='ltr'>eu);</span> <span class='ocrx_word' id='word_1_224' title='bbox 709 2625 781 2698; x_wconf 87' lang='lat' dir='ltr'>post</span> <span class='ocrx_word' id='word_1_225' title='bbox 803 2637 893 2699; x_wconf 90' lang='lat' dir='ltr'>pron.</span> <span class='ocrx_word' id='word_1_226' title='bbox 917 2637 1043 2698; x_wconf 90' lang='lat' dir='ltr'>person.</span> <span class='ocrx_word' id='word_1_227' title='bbox 1064 2624 1094 2680; x_wconf 88' lang='grc'><strong>3.</strong></span> <span class='ocrx_word' id='word_1_228' title='bbox 1111 2639 1234 2700; x_wconf 87' lang='lat' dir='ltr'>person.</span> <span class='ocrx_word' id='word_1_229' title='bbox 1249 2634 1284 2697; x_wconf 78' lang='lat' dir='ltr'>sg-</span> <span class='ocrx_word' id='word_1_230' title='bbox 1341 2596 1350 2681; x_wconf 83' lang='lat' dir='ltr'>l</span> 
     </span>
     <span class='ocr_line' id='line_1_23' title="bbox 141 2714 1350 2804; baseline 0 -19"><span class='ocrx_word' id='word_1_231' title='bbox 141 2723 215 2785; x_wconf 79' lang='lat' dir='ltr'>iem.</span> <span class='ocrx_word' id='word_1_232' title='bbox 233 2722 272 2784; x_wconf 80' lang='lat' dir='ltr'>he</span> <span class='ocrx_word' id='word_1_233' title='bbox 288 2722 396 2802; x_wconf 87' lang='lat' dir='ltr'>(eam),</span> <span class='ocrx_word' id='word_1_234' title='bbox 416 2725 446 2781; x_wconf 83' lang='lat'>2.</span> <span class='ocrx_word' id='word_1_235' title='bbox 465 2730 496 2781; x_wconf 84' lang='lat' dir='ltr'>et</span> <span class='ocrx_word' id='word_1_236' title='bbox 513 2727 542 2782; x_wconf 86' lang='lat'>3.</span> <span class='ocrx_word' id='word_1_237' title='bbox 560 2743 643 2804; x_wconf 79' lang='lat' dir='ltr'>pers,</span> <span class='ocrx_word' id='word_1_238' title='bbox 660 2721 744 2804; x_wconf 89' lang='lat' dir='ltr'>plur.</span> <span class='ocrx_word' id='word_1_239' title='bbox 763 2721 803 2784; x_wconf 84' lang='grc' dir='ltr'>Ιιο</span> <span class='ocrx_word' id='word_1_240' title='bbox 819 2723 899 2801; x_wconf 91' lang='lat' dir='ltr'>(vos,</span> <span class='ocrx_word' id='word_1_241' title='bbox 918 2725 985 2804; x_wconf 87' lang='lat' dir='ltr'>eos)</span> <span class='ocrx_word' id='word_1_242' title='bbox 1001 2732 1076 2785; x_wconf 89' lang='lat' dir='ltr'>ante</span> <span class='ocrx_word' id='word_1_243' title='bbox 1097 2725 1193 2787; x_wconf 88' lang='lat' dir='ltr'>verba</span> <span class='ocrx_word' id='word_1_244' title='bbox 1213 2721 1287 2804; x_wconf 77' lang='lat' dir='ltr'>(alis</span> <span class='ocrx_word' id='word_1_245' title='bbox 1348 2714 1350 2724; x_wconf 55' lang='lat'><strong>¹</strong></span> 
     </span>
     <span class='ocr_line' id='line_1_24' title="bbox 141 2825 1289 2911; baseline -0.004 -20"><span class='ocrx_word' id='word_1_246' title='bbox 141 2828 265 2909; x_wconf 85' lang='lat' dir='ltr'>infixa),</span> <span class='ocrx_word' id='word_1_247' title='bbox 285 2825 425 2908; x_wconf 86' lang='lat' dir='ltr'>exceptis</span> <span class='ocrx_word' id='word_1_248' title='bbox 442 2825 603 2904; x_wconf 82' lang='lat' dir='ltr'>tenuibus,</span> <span class='ocrx_word' id='word_1_249' title='bbox 622 2849 703 2909; x_wconf 88' lang='lat' dir='ltr'>quae</span> <span class='ocrx_word' id='word_1_250' title='bbox 718 2828 758 2889; x_wconf 92' lang='lat' dir='ltr'>ab</span> <span class='ocrx_word' id='word_1_251' title='bbox 773 2826 886 2889; x_wconf 89' lang='lat' dir='ltr'>iisdem</span> <span class='ocrx_word' id='word_1_252' title='bbox 901 2828 1093 2911; x_wconf 87' lang='lat' dir='ltr'>aspirantur.</span> <span class='ocrx_word' id='word_1_253' title='bbox 1126 2829 1191 2891; x_wconf 90' lang='lat' dir='ltr'>His</span> <span class='ocrx_word' id='word_1_254' title='bbox 1205 2829 1289 2891; x_wconf 90' lang='lat' dir='ltr'>adnu-</span> 
     </span>
     <span class='ocr_line' id='line_1_25' title="bbox 139 2930 1297 3018; baseline -0.002 -21"><span class='ocrx_word' id='word_1_255' title='bbox 139 2935 327 2997; x_wconf 87' lang='lat' dir='ltr'>merandum</span> <span class='ocrx_word' id='word_1_256' title='bbox 338 2954 429 3015; x_wconf 91' lang='lat' dir='ltr'>pron.</span> <span class='ocrx_word' id='word_1_257' title='bbox 444 2953 526 3014; x_wconf 88' lang='lat' dir='ltr'>pers.</span> <span class='ocrx_word' id='word_1_258' title='bbox 542 2930 679 2994; x_wconf 82' lang='lat' dir='ltr'>infixum</span> <span class='ocrx_word' id='word_1_259' title='bbox 695 2940 722 2994; x_wconf 86' lang='lat'>1.</span> <span class='ocrx_word' id='word_1_260' title='bbox 738 2955 786 3016; x_wconf 88' lang='lat' dir='ltr'>ps.</span> <span class='ocrx_word' id='word_1_261' title='bbox 802 2932 884 3015; x_wconf 89' lang='lat' dir='ltr'>sing.</span> <span class='ocrx_word' id='word_1_262' title='bbox 900 2954 942 3009; x_wconf 90' lang='lat' dir='ltr'>m,</span> <span class='ocrx_word' id='word_1_263' title='bbox 958 2954 1011 2996; x_wconf 84' lang='lat' dir='ltr'>am</span> <span class='ocrx_word' id='word_1_264' title='bbox 1023 2936 1114 3015; x_wconf 90' lang='lat' dir='ltr'>(me),</span> <span class='ocrx_word' id='word_1_265' title='bbox 1127 2936 1211 3018; x_wconf 90' lang='lat' dir='ltr'>quod</span> <span class='ocrx_word' id='word_1_266' title='bbox 1222 2933 1297 2996; x_wconf 68' lang='lat' dir='ltr'>sola</span> 
     </span>
     <span class='ocr_line' id='line_1_26' title="bbox 142 3036 507 3120; baseline -0.014 -17"><span class='ocrx_word' id='word_1_267' title='bbox 142 3053 253 3103; x_wconf 87' lang='lat' dir='ltr'>tenues</span> <span class='ocrx_word' id='word_1_268' title='bbox 269 3039 337 3101; x_wconf 83' lang='lat' dir='ltr'>ket</span> <span class='ocrx_word' id='word_1_269' title='bbox 353 3046 366 3101; x_wconf 76' lang='lat' dir='ltr'>t</span> <span class='ocrx_word' id='word_1_270' title='bbox 379 3036 507 3120; x_wconf 88' lang='lat' dir='ltr'>aspirat.</span> 
     </span>
    </p>

    <p class='ocr_par' dir='ltr' id='par_1_5' title="bbox 137 3130 1348 3735">
     <span class='ocr_line' id='line_1_27' title="bbox 225 3130 1313 3228; baseline 0 -22"><span class='ocrx_word' id='word_1_271' title='bbox 225 3153 255 3206; x_wconf 84' lang='lat'>5.</span> <span class='ocrx_word' id='word_1_272' title='bbox 281 3147 360 3206; x_wconf 89' lang='lat' dir='ltr'>Post</span> <span class='ocrx_word' id='word_1_273' title='bbox 374 3142 461 3205; x_wconf 89' lang='lat' dir='ltr'>verbi</span> <span class='ocrx_word' id='word_1_274' title='bbox 476 3142 668 3206; x_wconf 87' lang='lat' dir='ltr'>substantivi</span> <span class='ocrx_word' id='word_1_275' title='bbox 683 3144 809 3208; x_wconf 85' lang='lat' dir='ltr'>formas.</span> <span class='ocrx_word' id='word_1_276' title='bbox 839 3145 1041 3209; x_wconf 86' lang='lat' dir='ltr'>Cambriee</span> <span class='ocrx_word' id='word_1_277' title='bbox 1061 3154 1135 3228; x_wconf 88' lang='lat' dir='ltr'>post</span> <span class='ocrx_word' id='word_1_278' title='bbox 1150 3165 1230 3221; x_wconf 81' lang='lat' dir='ltr'>mae,</span> <span class='ocrx_word' id='word_1_279' title='bbox 1247 3130 1313 3206; x_wconf 71' lang='grc' dir='ltr'>οιᾶ</span> 
     </span>
     <span class='ocr_line' id='line_1_28' title="bbox 139 3248 1323 3335; baseline -0.003 -20"><span class='ocrx_word' id='word_1_280' title='bbox 139 3264 220 3315; x_wconf 71' lang='lat' dir='ltr'>eta:</span> <span class='ocrx_word' id='word_1_281' title='bbox 239 3272 308 3313; x_wconf 83' lang='lat' dir='ltr'>mae</span> <span class='ocrx_word' id='word_1_282' title='bbox 323 3248 596 3333; x_wconf 74' lang='lat' dir='ltr'>mwylafgroreie</span> <span class='ocrx_word' id='word_1_283' title='bbox 611 3252 673 3330; x_wconf 88' lang='lat' dir='ltr'>(est</span> <span class='ocrx_word' id='word_1_284' title='bbox 688 3250 826 3312; x_wconf 88' lang='lat' dir='ltr'>maxime</span> <span class='ocrx_word' id='word_1_285' title='bbox 840 3250 968 3331; x_wconf 82' lang='lat' dir='ltr'>mulier)</span> <span class='ocrx_word' id='word_1_286' title='bbox 985 3251 1073 3312; x_wconf 89' lang='lat' dir='ltr'>Mab.</span> <span class='ocrx_word' id='word_1_287' title='bbox 1095 3259 1124 3326; x_wconf 86' lang='lat'>1,</span> <span class='ocrx_word' id='word_1_288' title='bbox 1147 3259 1196 3312; x_wconf 95' lang='grc'><strong>17.</strong></span> <span class='ocrx_word' id='word_1_289' title='bbox 1213 3256 1323 3335; x_wconf 58' lang='lat' dir='ltr'>yma&amp;</span> 
     </span>
     <span class='ocr_line' id='line_1_29' title="bbox 139 3342 1333 3440; baseline 0.001 -23"><span class='ocrx_word' id='word_1_290' title='bbox 139 3355 287 3440; x_wconf 78' lang='lat' dir='ltr'>bwystail</span> <span class='ocrx_word' id='word_1_291' title='bbox 306 3356 367 3433; x_wconf 85' lang='lat' dir='ltr'>(est</span> <span class='ocrx_word' id='word_1_292' title='bbox 388 3353 501 3433; x_wconf 88' lang='lat' dir='ltr'>bestia)</span> <span class='ocrx_word' id='word_1_293' title='bbox 522 3362 549 3430; x_wconf 91' lang='lat'>1,</span> <span class='ocrx_word' id='word_1_294' title='bbox 570 3362 621 3416; x_wconf 88' lang='grc'>33.</span> <span class='ocrx_word' id='word_1_295' title='bbox 646 3355 751 3439; x_wconf 78' lang='lat' dir='ltr'>ydoed</span> <span class='ocrx_word' id='word_1_296' title='bbox 770 3355 848 3416; x_wconf 72' lang='lat' dir='ltr'>haer</span> <span class='ocrx_word' id='word_1_297' title='bbox 871 3355 946 3435; x_wconf 84' lang='lat' dir='ltr'>(fuit</span> <span class='ocrx_word' id='word_1_298' title='bbox 967 3359 1120 3437; x_wconf 83' lang='lat' dir='ltr'>rastrum)</span> <span class='ocrx_word' id='word_1_299' title='bbox 1141 3362 1175 3433; x_wconf 89' lang='lat'>1,</span> <span class='ocrx_word' id='word_1_300' title='bbox 1195 3363 1224 3418; x_wconf 90' lang='grc'><strong>3.</strong></span> <span class='ocrx_word' id='word_1_301' title='bbox 1248 3342 1333 3438; x_wconf 52' lang='lat' dir='ltr'>ny*</span> 
     </span>
     <span class='ocr_line' id='line_1_30' title="bbox 138 3459 1340 3545; baseline -0.001 -23"><span class='ocrx_word' id='word_1_302' title='bbox 138 3462 197 3522; x_wconf 85' lang='lat' dir='ltr'>oed</span> <span class='ocrx_word' id='word_1_303' title='bbox 216 3459 346 3542; x_wconf 70' lang='lat' dir='ltr'>igeturd</span> <span class='ocrx_word' id='word_1_304' title='bbox 363 3479 433 3540; x_wconf 69' lang='lat' dir='ltr'>pror</span> <span class='ocrx_word' id='word_1_305' title='bbox 453 3480 490 3519; x_wconf 85' lang='lat' dir='ltr'>oo</span> <span class='ocrx_word' id='word_1_306' title='bbox 505 3459 546 3541; x_wconf 83' lang='lat' dir='ltr'>ef</span> <span class='ocrx_word' id='word_1_307' title='bbox 563 3462 642 3539; x_wconf 89' lang='lat' dir='ltr'>(non</span> <span class='ocrx_word' id='word_1_308' title='bbox 663 3461 725 3523; x_wconf 88' lang='lat' dir='ltr'>fuit</span> <span class='ocrx_word' id='word_1_309' title='bbox 747 3482 846 3542; x_wconf 86' lang='lat' dir='ltr'>aeque</span> <span class='ocrx_word' id='word_1_310' title='bbox 867 3459 982 3523; x_wconf 90' lang='lat' dir='ltr'>nobilis</span> <span class='ocrx_word' id='word_1_311' title='bbox 997 3459 1046 3521; x_wconf 89' lang='lat' dir='ltr'>vir</span> <span class='ocrx_word' id='word_1_312' title='bbox 1061 3472 1158 3544; x_wconf 89' lang='lat' dir='ltr'>atque</span> <span class='ocrx_word' id='word_1_313' title='bbox 1173 3460 1254 3545; x_wconf 89' lang='lat' dir='ltr'>ipse)</span> <span class='ocrx_word' id='word_1_314' title='bbox 1270 3464 1299 3520; x_wconf 75' lang='lat'><strong><em>2</em></strong></span> <span class='ocrx_word' id='word_1_315' title='bbox 1315 3485 1340 3521; x_wconf 72' lang='lat'>2</span> 
     </span>
     <span class='ocr_line' id='line_1_31' title="bbox 140 3553 1348 3648; baseline 0.003 -22"><span class='ocrx_word' id='word_1_316' title='bbox 140 3572 212 3626; x_wconf 88' lang='grc'><strong>371.</strong></span> <span class='ocrx_word' id='word_1_317' title='bbox 241 3562 345 3626; x_wconf 88' lang='lat' dir='ltr'>Obvia</span> <span class='ocrx_word' id='word_1_318' title='bbox 360 3573 466 3624; x_wconf 86' lang='lat' dir='ltr'>tamen</span> <span class='ocrx_word' id='word_1_319' title='bbox 479 3564 623 3647; x_wconf 86' lang='lat' dir='ltr'>exempla</span> <span class='ocrx_word' id='word_1_320' title='bbox 635 3565 814 3628; x_wconf 83' lang='lat' dir='ltr'>infectionis</span> <span class='ocrx_word' id='word_1_321' title='bbox 827 3565 1008 3642; x_wconf 86' lang='lat' dir='ltr'>destitutae,</span> <span class='ocrx_word' id='word_1_322' title='bbox 1024 3588 1105 3648; x_wconf 90' lang='lat' dir='ltr'>quae</span> <span class='ocrx_word' id='word_1_323' title='bbox 1116 3566 1234 3630; x_wconf 85' lang='lat' dir='ltr'>videsis</span> <span class='ocrx_word' id='word_1_324' title='bbox 1245 3553 1348 3629; x_wconf 58' lang='lat' dir='ltr'>sul)</span> 
     </span>
     <span class='ocr_line' id='line_1_32' title="bbox 137 3671 273 3735; baseline -0.037 0"><span class='ocrx_word' id='word_1_325' title='bbox 137 3671 176 3735; x_wconf 87' lang='lat' dir='ltr'>C.</span> <span class='ocrx_word' id='word_1_326' title='bbox 194 3671 223 3732; x_wconf 94' lang='grc' dir='ltr'>Ι.</span> <span class='ocrx_word' id='word_1_327' title='bbox 243 3676 273 3730; x_wconf 89' lang='grc'>6.</span> 
     </span>
    </p>

    <p class='ocr_par' dir='ltr' id='par_1_6' title="bbox 135 3774 1350 4496">
     <span class='ocr_line' id='line_1_33' title="bbox 223 3774 1329 3860; baseline 0.002 -21"><span class='ocrx_word' id='word_1_328' title='bbox 223 3777 301 3839; x_wconf 90' lang='lat' dir='ltr'>Post</span> <span class='ocrx_word' id='word_1_329' title='bbox 315 3775 409 3836; x_wconf 86' lang='lat' dir='ltr'>verba</span> <span class='ocrx_word' id='word_1_330' title='bbox 424 3774 508 3837; x_wconf 89' lang='lat' dir='ltr'>voeis</span> <span class='ocrx_word' id='word_1_331' title='bbox 524 3776 701 3858; x_wconf 87' lang='lat' dir='ltr'>sequentis,</span> <span class='ocrx_word' id='word_1_332' title='bbox 720 3777 785 3839; x_wconf 89' lang='lat' dir='ltr'>sive</span> <span class='ocrx_word' id='word_1_333' title='bbox 801 3777 842 3840; x_wconf 91' lang='lat' dir='ltr'>sit</span> <span class='ocrx_word' id='word_1_334' title='bbox 857 3776 1035 3860; x_wconf 89' lang='lat' dir='ltr'>subjectum</span> <span class='ocrx_word' id='word_1_335' title='bbox 1049 3776 1116 3840; x_wconf 89' lang='lat' dir='ltr'>sive</span> <span class='ocrx_word' id='word_1_336' title='bbox 1131 3777 1329 3859; x_wconf 65' lang='lat' dir='ltr'>objecturu-</span> 
     </span>
     <span class='ocr_line' id='line_1_34' title="bbox 136 3879 1350 3967; baseline -0.002 -20"><span class='ocrx_word' id='word_1_337' title='bbox 136 3904 275 3947; x_wconf 84' lang='lat' dir='ltr'>consonn</span> <span class='ocrx_word' id='word_1_338' title='bbox 296 3879 449 3942; x_wconf 83' lang='lat' dir='ltr'>inchoans</span> <span class='ocrx_word' id='word_1_339' title='bbox 464 3892 573 3943; x_wconf 87' lang='lat' dir='ltr'>manet</span> <span class='ocrx_word' id='word_1_340' title='bbox 587 3881 665 3945; x_wconf 90' lang='lat' dir='ltr'>item</span> <span class='ocrx_word' id='word_1_341' title='bbox 680 3882 850 3965; x_wconf 82' lang='lat' dir='ltr'>originaria</span> <span class='ocrx_word' id='word_1_342' title='bbox 865 3883 1061 3965; x_wconf 79' lang='lat' dir='ltr'>frequenter:</span> <span class='ocrx_word' id='word_1_343' title='bbox 1087 3893 1196 3967; x_wconf 78' lang='lat' dir='ltr'>mynet</span> <span class='ocrx_word' id='word_1_344' title='bbox 1209 3886 1350 3945; x_wconf 56' lang='lat' dir='ltr'>aorufi</span> 
     </span>
     <span class='ocr_line' id='line_1_35' title="bbox 136 3985 1266 4074; baseline -0.001 -23"><span class='ocrx_word' id='word_1_345' title='bbox 136 3989 189 4051; x_wconf 73' lang='lat' dir='ltr'>kei</span> <span class='ocrx_word' id='word_1_346' title='bbox 209 3988 269 4070; x_wconf 85' lang='lat' dir='ltr'>(ire</span> <span class='ocrx_word' id='word_1_347' title='bbox 291 3986 395 4068; x_wconf 83' lang='lat' dir='ltr'>eoepit</span> <span class='ocrx_word' id='word_1_348' title='bbox 416 3985 527 4069; x_wconf 83' lang='lat' dir='ltr'>Caius)</span> <span class='ocrx_word' id='word_1_349' title='bbox 551 3989 639 4050; x_wconf 89' lang='lat' dir='ltr'>Mab.</span> <span class='ocrx_word' id='word_1_350' title='bbox 661 3996 689 4063; x_wconf 94' lang='grc'><strong>1,</strong></span> <span class='ocrx_word' id='word_1_351' title='bbox 710 3995 740 4050; x_wconf 91' lang='grc'>2.</span> <span class='ocrx_word' id='word_1_352' title='bbox 764 3987 945 4074; x_wconf 78' lang='lat' dir='ltr'>ymedoelut</span> <span class='ocrx_word' id='word_1_353' title='bbox 965 4009 1064 4050; x_wconf 82' lang='lat' dir='ltr'>aoruo</span> <span class='ocrx_word' id='word_1_354' title='bbox 1076 3990 1224 4070; x_wconf 81' lang='lat' dir='ltr'>peredur</span> <span class='ocrx_word' id='word_1_355' title='bbox 1244 3987 1266 4070; x_wconf 85' lang='lat'>(&#39;</span> 
     </span>
     <span class='ocr_line' id='line_1_36' title="bbox 136 4092 1290 4178; baseline -0.001 -22"><span class='ocrx_word' id='word_1_356' title='bbox 136 4105 255 4157; x_wconf 89' lang='lat' dir='ltr'>vertere</span> <span class='ocrx_word' id='word_1_357' title='bbox 270 4092 374 4176; x_wconf 80' lang='lat' dir='ltr'>eoepit</span> <span class='ocrx_word' id='word_1_358' title='bbox 389 4095 444 4174; x_wconf 90' lang='lat' dir='ltr'>P.)</span> <span class='ocrx_word' id='word_1_359' title='bbox 464 4100 492 4169; x_wconf 89' lang='lat'>1,</span> <span class='ocrx_word' id='word_1_360' title='bbox 513 4098 585 4155; x_wconf 92' lang='grc'><strong>237.</strong></span> <span class='ocrx_word' id='word_1_361' title='bbox 608 4094 787 4178; x_wconf 78' lang='lat' dir='ltr'>ymchoelut</span> <span class='ocrx_word' id='word_1_362' title='bbox 799 4116 889 4175; x_wconf 79' lang='lat' dir='ltr'>penu</span> <span class='ocrx_word' id='word_1_363' title='bbox 910 4116 931 4177; x_wconf 78' lang='lat' dir='ltr'><em>y</em></span> <span class='ocrx_word' id='word_1_364' title='bbox 956 4093 1051 4156; x_wconf 70' lang='lat' dir='ltr'>varod</span> <span class='ocrx_word' id='word_1_365' title='bbox 1068 4093 1241 4174; x_wconf 86' lang='lat' dir='ltr'>(invertere</span> <span class='ocrx_word' id='word_1_366' title='bbox 1255 4116 1290 4155; x_wconf 78' lang='lat' dir='ltr'>&lt;a</span> 
     </span>
     <span class='ocr_line' id='line_1_37' title="bbox 136 4199 1350 4283; baseline -0.002 -21"><span class='ocrx_word' id='word_1_367' title='bbox 136 4211 195 4283; x_wconf 90' lang='lat' dir='ltr'>put</span> <span class='ocrx_word' id='word_1_368' title='bbox 210 4201 283 4282; x_wconf 87' lang='lat' dir='ltr'>equi</span> <span class='ocrx_word' id='word_1_369' title='bbox 296 4200 360 4280; x_wconf 90' lang='lat' dir='ltr'>sui)</span> <span class='ocrx_word' id='word_1_370' title='bbox 376 4207 404 4275; x_wconf 90' lang='grc'><strong>1,</strong></span> <span class='ocrx_word' id='word_1_371' title='bbox 419 4206 467 4261; x_wconf 87' lang='grc'>13.</span> <span class='ocrx_word' id='word_1_372' title='bbox 481 4204 553 4261; x_wconf 86' lang='grc'><strong>242.</strong></span> <span class='ocrx_word' id='word_1_373' title='bbox 573 4221 609 4260; x_wconf 82' lang='lat' dir='ltr'>or</span> <span class='ocrx_word' id='word_1_374' title='bbox 621 4200 722 4282; x_wconf 71' lang='lat' dir='ltr'>920er</span> <span class='ocrx_word' id='word_1_375' title='bbox 740 4199 809 4262; x_wconf 75' lang='lat' dir='ltr'>thos</span> <span class='ocrx_word' id='word_1_376' title='bbox 826 4209 873 4262; x_wconf 81' lang='lat' dir='ltr'>teo</span> <span class='ocrx_word' id='word_1_377' title='bbox 888 4199 928 4280; x_wconf 89' lang='lat' dir='ltr'>(si</span> <span class='ocrx_word' id='word_1_378' title='bbox 945 4199 1032 4261; x_wconf 84' lang='lat' dir='ltr'>vides</span> <span class='ocrx_word' id='word_1_379' title='bbox 1044 4199 1223 4281; x_wconf 84' lang='lat' dir='ltr'>pretiosum</span> <span class='ocrx_word' id='word_1_380' title='bbox 1234 4199 1289 4282; x_wconf 94' lang='lat' dir='ltr'>pul</span> <span class='ocrx_word' id='word_1_381' title='bbox 1328 4208 1350 4225; x_wconf 76' lang='lat'><strong><em>‘</em></strong></span> 
     </span>
     <span class='ocr_line' id='line_1_38' title="bbox 135 4294 1350 4389; baseline 0 -23"><span class='ocrx_word' id='word_1_382' title='bbox 135 4305 272 4386; x_wconf 82' lang='lat' dir='ltr'>chrum),</span> <span class='ocrx_word' id='word_1_383' title='bbox 290 4328 311 4389; x_wconf 81' lang='lat' dir='ltr'><em>y</em></span> <span class='ocrx_word' id='word_1_384' title='bbox 331 4305 462 4387; x_wconf 76' lang='lat' dir='ltr'>pwelwn</span> <span class='ocrx_word' id='word_1_385' title='bbox 487 4305 555 4367; x_wconf 85' lang='lat' dir='ltr'>tlws</span> <span class='ocrx_word' id='word_1_386' title='bbox 579 4314 624 4367; x_wconf 83' lang='lat' dir='ltr'>tec</span> <span class='ocrx_word' id='word_1_387' title='bbox 643 4305 802 4385; x_wconf 87' lang='lat' dir='ltr'>(videbam</span> <span class='ocrx_word' id='word_1_388' title='bbox 817 4326 866 4387; x_wconf 86' lang='lat' dir='ltr'>pr.</span> <span class='ocrx_word' id='word_1_389' title='bbox 884 4308 935 4388; x_wconf 91' lang='lat' dir='ltr'>p.)</span> <span class='ocrx_word' id='word_1_390' title='bbox 953 4311 982 4380; x_wconf 89' lang='lat'>1,</span> <span class='ocrx_word' id='word_1_391' title='bbox 1002 4309 1074 4366; x_wconf 87' lang='grc'><strong>238.</strong></span> <span class='ocrx_word' id='word_1_392' title='bbox 1095 4309 1169 4367; x_wconf 87' lang='grc'><strong>233.</strong></span> <span class='ocrx_word' id='word_1_393' title='bbox 1188 4294 1350 4387; x_wconf 54' lang='lat' dir='ltr'>disper&gt;</span> 
     </span>
     <span class='ocr_line' id='line_1_39' title="bbox 135 4409 1350 4496; baseline -0.001 -23"><span class='ocrx_word' id='word_1_394' title='bbox 135 4409 197 4473; x_wconf 76' lang='lat' dir='ltr'>law</span> <span class='ocrx_word' id='word_1_395' title='bbox 213 4409 327 4494; x_wconf 68' lang='lat' dir='ltr'>cledgf</span> <span class='ocrx_word' id='word_1_396' title='bbox 342 4410 479 4491; x_wconf 84' lang='lat' dir='ltr'>(trahere</span> <span class='ocrx_word' id='word_1_397' title='bbox 493 4409 651 4493; x_wconf 87' lang='lat' dir='ltr'>gladium)</span> <span class='ocrx_word' id='word_1_398' title='bbox 670 4417 698 4486; x_wconf 89' lang='lat'>1,</span> <span class='ocrx_word' id='word_1_399' title='bbox 718 4416 769 4471; x_wconf 89' lang='grc'><strong>31.</strong></span> <span class='ocrx_word' id='word_1_400' title='bbox 792 4432 813 4494; x_wconf 78' lang='lat' dir='ltr'><strong><em>y</em></strong></span> <span class='ocrx_word' id='word_1_401' title='bbox 829 4410 972 4496; x_wconf 78' lang='lat' dir='ltr'>klywynt</span> <span class='ocrx_word' id='word_1_402' title='bbox 986 4411 1167 4475; x_wconf 76' lang='lat' dir='ltr'>marodawe</span> <span class='ocrx_word' id='word_1_403' title='bbox 1183 4409 1350 4491; x_wconf 58' lang='lat' dir='ltr'>(audief</span> 
     </span>
    </p>
   </div>
   <div class='ocr_carea' id='block_1_3' title="bbox 0 0 1452 4980">
    <p class='ocr_par' dir='ltr' id='par_1_7' title="bbox 0 0 1452 4980">
     <span class='ocr_line' id='line_1_40' title="bbox 0 0 1452 4980; baseline 0 3"><span class='ocrx_word' id='word_1_404' title='bbox 0 0 1452 4980; x_wconf 95' lang='lat' dir='ltr'> </span> 
     </span>
    </p>
   </div>
  </div>
 </body>
</html>
