<?xml version="1.0" encoding="UTF-8"?>
<!DOCTYPE html PUBLIC "-//W3C//DTD XHTML 1.0 Transitional//EN"
    "http://www.w3.org/TR/xhtml1/DTD/xhtml1-transitional.dtd">
<html xmlns="http://www.w3.org/1999/xhtml" xml:lang="en" lang="en">
 <head>
  <title>
</title>
<meta http-equiv="Content-Type" content="text/html;charset=utf-8" />
  <meta name='ocr-system' content='tesseract 3.04.00' />
  <meta name='ocr-capabilities' content='ocr_page ocr_carea ocr_par ocr_line ocrx_word'/>
</head>
<body>
  <div class='ocr_page' id='page_1' title='image "./grammaticacelti00zeusgoog_0620.png"; bbox 0 0 2896 4980; ppageno 0'>
   <div class='ocr_carea' id='block_1_1' title="bbox 306 331 1221 392">
    <p class='ocr_par' dir='ltr' id='par_1_1' title="bbox 306 331 1221 392">
     <span class='ocr_line' id='line_1_1' title="bbox 306 331 1221 392; baseline -0.002 0"><span class='ocrx_word' id='word_1_1' title='bbox 306 331 373 392; x_wconf 90' lang='lat' dir='ltr'><strong>III.</strong></span> <span class='ocrx_word' id='word_1_2' title='bbox 393 334 423 391; x_wconf 94' lang='grc'><strong>2.</strong></span> <span class='ocrx_word' id='word_1_3' title='bbox 456 351 565 392; x_wconf 75' lang='lat' dir='ltr'>vanua</span> <span class='ocrx_word' id='word_1_4' title='bbox 581 348 785 392; x_wconf 75' lang='lat' dir='ltr'>nnrrrunrca</span> <span class='ocrx_word' id='word_1_5' title='bbox 800 346 971 392; x_wconf 74' lang='lat' dir='ltr'>anonam.</span> <span class='ocrx_word' id='word_1_6' title='bbox 1160 334 1221 392; x_wconf 80' lang='grc'>557</span> 
     </span>
    </p>
   </div>
   <div class='ocr_carea' id='block_1_2' title="bbox 52 496 1235 3843">
    <p class='ocr_par' dir='ltr' id='par_1_2' title="bbox 52 496 1223 901">
     <span class='ocr_line' id='line_1_2' title="bbox 53 496 1222 585; baseline -0.002 -22"><span class='ocrx_word' id='word_1_7' title='bbox 53 512 156 585; x_wconf 87' lang='lat' dir='ltr'>praet.</span> <span class='ocrx_word' id='word_1_8' title='bbox 174 500 225 562; x_wconf 90' lang='lat' dir='ltr'>vel</span> <span class='ocrx_word' id='word_1_9' title='bbox 247 500 307 561; x_wconf 88' lang='lat' dir='ltr'>fut.</span> <span class='ocrx_word' id='word_1_10' title='bbox 331 500 462 561; x_wconf 86' lang='lat' dir='ltr'>secund.</span> <span class='ocrx_word' id='word_1_11' title='bbox 488 499 565 575; x_wconf 78' lang='lat' dir='ltr'>hiza,</span> <span class='ocrx_word' id='word_1_12' title='bbox 585 500 655 584; x_wconf 83' lang='lat' dir='ltr'>besa</span> <span class='ocrx_word' id='word_1_13' title='bbox 676 502 707 580; x_wconf 88' lang='lat' dir='ltr'>(e</span> <span class='ocrx_word' id='word_1_14' title='bbox 728 498 849 573; x_wconf 76' lang='lat' dir='ltr'>hiaena,</span> <span class='ocrx_word' id='word_1_15' title='bbox 872 496 991 572; x_wconf 66' lang='lat' dir='ltr'>laena,</span> <span class='ocrx_word' id='word_1_16' title='bbox 1011 496 1139 581; x_wconf 77' lang='lat' dir='ltr'>deserta)</span> <span class='ocrx_word' id='word_1_17' title='bbox 1161 500 1222 562; x_wconf 88' lang='lat' dir='ltr'>for-</span> 
     </span>
     <span class='ocr_line' id='line_1_3' title="bbox 52 602 1222 688; baseline -0.001 -19"><span class='ocrx_word' id='word_1_18' title='bbox 52 606 162 669; x_wconf 89' lang='lat' dir='ltr'>mulae</span> <span class='ocrx_word' id='word_1_19' title='bbox 178 627 235 688; x_wconf 91' lang='lat' dir='ltr'>pro</span> <span class='ocrx_word' id='word_1_20' title='bbox 251 604 457 667; x_wconf 78' lang='lat' dir='ltr'>conditionali</span> <span class='ocrx_word' id='word_1_21' title='bbox 472 615 505 667; x_wconf 90' lang='lat' dir='ltr'>et</span> <span class='ocrx_word' id='word_1_22' title='bbox 519 603 739 686; x_wconf 86' lang='lat' dir='ltr'>conjunctivo:</span> <span class='ocrx_word' id='word_1_23' title='bbox 762 610 790 665; x_wconf 89' lang='lat'>1.</span> <span class='ocrx_word' id='word_1_24' title='bbox 809 624 857 665; x_wconf 85' lang='lat' dir='ltr'>em</span> <span class='ocrx_word' id='word_1_25' title='bbox 873 603 950 679; x_wconf 75' lang='lat' dir='ltr'>biae,</span> <span class='ocrx_word' id='word_1_26' title='bbox 964 624 1012 664; x_wconf 88' lang='lat' dir='ltr'>em</span> <span class='ocrx_word' id='word_1_27' title='bbox 1028 602 1099 688; x_wconf 78' lang='lat' dir='ltr'>hese</span> <span class='ocrx_word' id='word_1_28' title='bbox 1114 604 1222 685; x_wconf 88' lang='lat' dir='ltr'>(habe-</span> 
     </span>
     <span class='ocr_line' id='line_1_4' title="bbox 54 708 1223 793; baseline 0 -19"><span class='ocrx_word' id='word_1_29' title='bbox 54 715 157 791; x_wconf 89' lang='lat' dir='ltr'>rem),</span> <span class='ocrx_word' id='word_1_30' title='bbox 175 732 244 772; x_wconf 82' lang='lat' dir='ltr'>ram</span> <span class='ocrx_word' id='word_1_31' title='bbox 268 710 337 793; x_wconf 57' lang='lat' dir='ltr'>bryc</span> <span class='ocrx_word' id='word_1_32' title='bbox 353 713 403 789; x_wconf 86' lang='lat' dir='ltr'>(ut</span> <span class='ocrx_word' id='word_1_33' title='bbox 425 710 599 789; x_wconf 88' lang='lat' dir='ltr'>haberem),</span> <span class='ocrx_word' id='word_1_34' title='bbox 626 714 656 770; x_wconf 85' lang='lat'>2.</span> <span class='ocrx_word' id='word_1_35' title='bbox 674 732 708 771; x_wconf 83' lang='lat' dir='ltr'>ez</span> <span class='ocrx_word' id='word_1_36' title='bbox 721 708 808 791; x_wconf 78' lang='lat' dir='ltr'>pize,</span> <span class='ocrx_word' id='word_1_37' title='bbox 827 731 861 770; x_wconf 81' lang='lat' dir='ltr'>ez</span> <span class='ocrx_word' id='word_1_38' title='bbox 875 709 954 792; x_wconf 81' lang='lat' dir='ltr'>pesa</span> <span class='ocrx_word' id='word_1_39' title='bbox 970 708 1141 790; x_wconf 87' lang='lat' dir='ltr'>(haberes),</span> <span class='ocrx_word' id='word_1_40' title='bbox 1166 733 1223 774; x_wconf 80' lang='lat' dir='ltr'>roz</span> 
     </span>
     <span class='ocr_line' id='line_1_5' title="bbox 54 814 994 901; baseline -0.004 -22"><span class='ocrx_word' id='word_1_41' title='bbox 54 818 127 901; x_wconf 77' lang='lat' dir='ltr'>hese</span> <span class='ocrx_word' id='word_1_42' title='bbox 142 820 193 896; x_wconf 89' lang='lat' dir='ltr'>(ut</span> <span class='ocrx_word' id='word_1_43' title='bbox 208 816 364 895; x_wconf 88' lang='lat' dir='ltr'>haberes),</span> <span class='ocrx_word' id='word_1_44' title='bbox 385 822 414 877; x_wconf 90' lang='lat'>3.</span> <span class='ocrx_word' id='word_1_45' title='bbox 433 839 471 878; x_wconf 84' lang='lat' dir='ltr'>en</span> <span class='ocrx_word' id='word_1_46' title='bbox 487 814 598 890; x_wconf 73' lang='lat' dir='ltr'>divizo,</span> <span class='ocrx_word' id='word_1_47' title='bbox 617 838 654 877; x_wconf 82' lang='lat' dir='ltr'>en</span> <span class='ocrx_word' id='word_1_48' title='bbox 670 815 754 897; x_wconf 86' lang='lat' dir='ltr'>dese,</span> <span class='ocrx_word' id='word_1_49' title='bbox 772 836 829 876; x_wconf 83' lang='lat' dir='ltr'>ren</span> <span class='ocrx_word' id='word_1_50' title='bbox 844 814 918 897; x_wconf 85' lang='lat' dir='ltr'>dese</span> <span class='ocrx_word' id='word_1_51' title='bbox 933 824 994 876; x_wconf 86' lang='lat' dir='ltr'>otc.</span> 
     </span>
    </p>

    <p class='ocr_par' dir='ltr' id='par_1_3' title="bbox 55 919 1227 1742">
     <span class='ocr_line' id='line_1_6' title="bbox 143 919 1223 1003; baseline 0 -20"><span class='ocrx_word' id='word_1_52' title='bbox 143 923 226 984; x_wconf 90' lang='lat' dir='ltr'>Cum</span> <span class='ocrx_word' id='word_1_53' title='bbox 247 919 391 982; x_wconf 89' lang='lat' dir='ltr'>formulis</span> <span class='ocrx_word' id='word_1_54' title='bbox 411 920 567 1003; x_wconf 81' lang='lat' dir='ltr'>negativis</span> <span class='ocrx_word' id='word_1_55' title='bbox 589 942 660 983; x_wconf 82' lang='lat' dir='ltr'>nem</span> <span class='ocrx_word' id='word_1_56' title='bbox 682 943 742 982; x_wconf 75' lang='lat' dir='ltr'>eux</span> <span class='ocrx_word' id='word_1_57' title='bbox 757 923 836 1000; x_wconf 91' lang='lat' dir='ltr'>(non</span> <span class='ocrx_word' id='word_1_58' title='bbox 852 919 977 999; x_wconf 88' lang='lat' dir='ltr'>habeo),</span> <span class='ocrx_word' id='word_1_59' title='bbox 996 941 1054 981; x_wconf 79' lang='lat' dir='ltr'>noa</span> <span class='ocrx_word' id='word_1_60' title='bbox 1068 941 1128 981; x_wconf 75' lang='lat' dir='ltr'>eux</span> <span class='ocrx_word' id='word_1_61' title='bbox 1144 923 1223 1000; x_wconf 91' lang='lat' dir='ltr'>(non</span> 
     </span>
     <span class='ocr_line' id='line_1_7' title="bbox 55 1024 1223 1108; baseline 0 -19"><span class='ocrx_word' id='word_1_62' title='bbox 55 1027 196 1107; x_wconf 86' lang='lat' dir='ltr'>habetis)</span> <span class='ocrx_word' id='word_1_63' title='bbox 226 1026 418 1088; x_wconf 85' lang='lat' dir='ltr'>concordant</span> <span class='ocrx_word' id='word_1_64' title='bbox 447 1025 600 1087; x_wconf 88' lang='lat' dir='ltr'>formulae</span> <span class='ocrx_word' id='word_1_65' title='bbox 620 1025 696 1088; x_wconf 88' lang='lat' dir='ltr'>item</span> <span class='ocrx_word' id='word_1_66' title='bbox 719 1024 883 1108; x_wconf 82' lang='lat' dir='ltr'>negativae</span> <span class='ocrx_word' id='word_1_67' title='bbox 905 1024 991 1086; x_wconf 87' lang='lat' dir='ltr'>verbi</span> <span class='ocrx_word' id='word_1_68' title='bbox 1013 1024 1223 1106; x_wconf 86' lang='lat' dir='ltr'>significantis</span> 
     </span>
     <span class='ocr_line' id='line_1_8' title="bbox 55 1129 1221 1212; baseline 0 -18"><span class='ocrx_word' id='word_1_69' title='bbox 55 1133 161 1195; x_wconf 80' lang='lat' dir='ltr'>nolle:</span> <span class='ocrx_word' id='word_1_70' title='bbox 184 1152 254 1193; x_wconf 84' lang='lat' dir='ltr'>nem</span> <span class='ocrx_word' id='word_1_71' title='bbox 278 1131 359 1193; x_wconf 66' lang='lat' dir='ltr'>deur</span> <span class='ocrx_word' id='word_1_72' title='bbox 372 1130 473 1212; x_wconf 88' lang='lat' dir='ltr'>(nolo)</span> <span class='ocrx_word' id='word_1_73' title='bbox 489 1132 575 1193; x_wconf 89' lang='lat' dir='ltr'>Buh.</span> <span class='ocrx_word' id='word_1_74' title='bbox 596 1137 647 1207; x_wconf 86' lang='grc'><strong>28,</strong></span> <span class='ocrx_word' id='word_1_75' title='bbox 667 1136 697 1193; x_wconf 88' lang='lat'>8.</span> <span class='ocrx_word' id='word_1_76' title='bbox 722 1153 780 1193; x_wconf 73' lang='grc' dir='ltr'>ποι</span> <span class='ocrx_word' id='word_1_77' title='bbox 803 1131 882 1192; x_wconf 80' lang='lat' dir='ltr'>deur</span> <span class='ocrx_word' id='word_1_78' title='bbox 897 1132 977 1210; x_wconf 91' lang='lat' dir='ltr'>(non</span> <span class='ocrx_word' id='word_1_79' title='bbox 991 1129 1102 1211; x_wconf 88' lang='lat' dir='ltr'>vultis)</span> <span class='ocrx_word' id='word_1_80' title='bbox 1119 1137 1171 1205; x_wconf 81' lang='lat'>40,</span> <span class='ocrx_word' id='word_1_81' title='bbox 1191 1138 1221 1194; x_wconf 90' lang='grc'>9.</span> 
     </span>
     <span class='ocr_line' id='line_1_9' title="bbox 57 1233 1221 1316; baseline -0.001 -15"><span class='ocrx_word' id='word_1_82' title='bbox 57 1241 99 1301; x_wconf 92' lang='lat' dir='ltr'>In</span> <span class='ocrx_word' id='word_1_83' title='bbox 119 1237 219 1298; x_wconf 85' lang='lat' dir='ltr'>forma</span> <span class='ocrx_word' id='word_1_84' title='bbox 234 1234 308 1297; x_wconf 89' lang='lat' dir='ltr'>huic</span> <span class='ocrx_word' id='word_1_85' title='bbox 324 1234 420 1298; x_wconf 88' lang='lat' dir='ltr'>etiam</span> <span class='ocrx_word' id='word_1_86' title='bbox 435 1237 596 1312; x_wconf 90' lang='lat' dir='ltr'>convenit,</span> <span class='ocrx_word' id='word_1_87' title='bbox 614 1237 669 1299; x_wconf 86' lang='lat' dir='ltr'>sed</span> <span class='ocrx_word' id='word_1_88' title='bbox 684 1234 842 1297; x_wconf 88' lang='lat' dir='ltr'>discordat</span> <span class='ocrx_word' id='word_1_89' title='bbox 857 1233 1089 1316; x_wconf 86' lang='lat' dir='ltr'>significatione</span> <span class='ocrx_word' id='word_1_90' title='bbox 1104 1238 1221 1300; x_wconf 91' lang='lat' dir='ltr'>cambr.</span> 
     </span>
     <span class='ocr_line' id='line_1_10' title="bbox 56 1338 1225 1427; baseline -0.002 -20"><span class='ocrx_word' id='word_1_91' title='bbox 56 1344 226 1427; x_wconf 78' lang='lat' dir='ltr'>nymdawr</span> <span class='ocrx_word' id='word_1_92' title='bbox 241 1344 320 1421; x_wconf 86' lang='lat' dir='ltr'>(non</span> <span class='ocrx_word' id='word_1_93' title='bbox 335 1362 405 1404; x_wconf 90' lang='lat' dir='ltr'>mea</span> <span class='ocrx_word' id='word_1_94' title='bbox 420 1342 525 1418; x_wconf 85' lang='lat' dir='ltr'>refert,</span> <span class='ocrx_word' id='word_1_95' title='bbox 544 1364 609 1405; x_wconf 90' lang='lat' dir='ltr'>non</span> <span class='ocrx_word' id='word_1_96' title='bbox 624 1341 730 1422; x_wconf 91' lang='lat' dir='ltr'>nolo):</span> <span class='ocrx_word' id='word_1_97' title='bbox 759 1348 915 1422; x_wconf 79' lang='lat' dir='ltr'>nymtawr</span> <span class='ocrx_word' id='word_1_98' title='bbox 931 1338 945 1400; x_wconf 78' lang='lat' dir='ltr'><em>i</em></span> <span class='ocrx_word' id='word_1_99' title='bbox 958 1348 1050 1423; x_wconf 77' lang='lat' dir='ltr'>rynel</span> <span class='ocrx_word' id='word_1_100' title='bbox 1065 1341 1225 1423; x_wconf 87' lang='lat' dir='ltr'>(equidem</span> 
     </span>
     <span class='ocr_line' id='line_1_11' title="bbox 58 1442 1225 1530; baseline 0 -20"><span class='ocrx_word' id='word_1_101' title='bbox 58 1449 126 1528; x_wconf 91' lang='lat' dir='ltr'>ibo)</span> <span class='ocrx_word' id='word_1_102' title='bbox 144 1449 231 1509; x_wconf 89' lang='lat' dir='ltr'>Mab.</span> <span class='ocrx_word' id='word_1_103' title='bbox 252 1453 287 1522; x_wconf 82' lang='lat'>2,</span> <span class='ocrx_word' id='word_1_104' title='bbox 307 1454 358 1510; x_wconf 86' lang='lat'>53.</span> <span class='ocrx_word' id='word_1_105' title='bbox 390 1449 487 1530; x_wconf 88' lang='lat' dir='ltr'>Apud</span> <span class='ocrx_word' id='word_1_106' title='bbox 507 1446 672 1530; x_wconf 86' lang='lat' dir='ltr'>Davies(p.</span> <span class='ocrx_word' id='word_1_107' title='bbox 694 1447 787 1526; x_wconf 81' lang='lat'>142):</span> <span class='ocrx_word' id='word_1_108' title='bbox 812 1442 888 1506; x_wconf 76' lang='lat' dir='ltr'>m&#39;m</span> <span class='ocrx_word' id='word_1_109' title='bbox 910 1446 1000 1507; x_wconf 84' lang='lat' dir='ltr'>dawr</span> <span class='ocrx_word' id='word_1_110' title='bbox 1022 1445 1036 1506; x_wconf 78' lang='lat' dir='ltr'>i</span> <span class='ocrx_word' id='word_1_111' title='bbox 1055 1449 1138 1528; x_wconf 88' lang='lat' dir='ltr'>(mea</span> <span class='ocrx_word' id='word_1_112' title='bbox 1159 1469 1225 1510; x_wconf 91' lang='lat' dir='ltr'>non</span> 
     </span>
     <span class='ocr_line' id='line_1_12' title="bbox 58 1549 1227 1634; baseline 0.002 -20"><span class='ocrx_word' id='word_1_113' title='bbox 58 1553 180 1633; x_wconf 84' lang='lat' dir='ltr'>refert),</span> <span class='ocrx_word' id='word_1_114' title='bbox 198 1551 277 1615; x_wconf 74' lang='lat' dir='ltr'>m&#39;tfr</span> <span class='ocrx_word' id='word_1_115' title='bbox 300 1555 412 1616; x_wconf 82' lang='lat' dir='ltr'>ddcwr</span> <span class='ocrx_word' id='word_1_116' title='bbox 432 1553 469 1616; x_wconf 76' lang='lat' dir='ltr'>di</span> <span class='ocrx_word' id='word_1_117' title='bbox 483 1557 552 1634; x_wconf 86' lang='lat' dir='ltr'>(tua</span> <span class='ocrx_word' id='word_1_118' title='bbox 574 1573 640 1615; x_wconf 90' lang='lat' dir='ltr'>non</span> <span class='ocrx_word' id='word_1_119' title='bbox 661 1552 780 1631; x_wconf 86' lang='lat' dir='ltr'>refert),</span> <span class='ocrx_word' id='word_1_120' title='bbox 798 1549 854 1631; x_wconf 92' lang='lat' dir='ltr'>qui</span> <span class='ocrx_word' id='word_1_121' title='bbox 868 1572 926 1633; x_wconf 91' lang='lat' dir='ltr'>pro</span> <span class='ocrx_word' id='word_1_122' title='bbox 941 1551 1123 1633; x_wconf 87' lang='lat' dir='ltr'>imperfecto</span> <span class='ocrx_word' id='word_1_123' title='bbox 1138 1553 1227 1616; x_wconf 86' lang='lat' dir='ltr'>addit</span> 
     </span>
     <span class='ocr_line' id='line_1_13' title="bbox 59 1655 945 1742; baseline -0.002 -22"><span class='ocrx_word' id='word_1_124' title='bbox 59 1658 318 1742; x_wconf 85' lang='lat' dir='ltr'>conjugationem</span> <span class='ocrx_word' id='word_1_125' title='bbox 332 1659 545 1741; x_wconf 86' lang='lat' dir='ltr'>personalem:</span> <span class='ocrx_word' id='word_1_126' title='bbox 568 1657 604 1720; x_wconf 85' lang='lat' dir='ltr'>m&#39;</span> <span class='ocrx_word' id='word_1_127' title='bbox 617 1659 760 1732; x_wconf 78' lang='lat' dir='ltr'>ddorwn,</span> <span class='ocrx_word' id='word_1_128' title='bbox 778 1655 816 1720; x_wconf 79' lang='lat' dir='ltr'>ni</span> <span class='ocrx_word' id='word_1_129' title='bbox 828 1656 945 1719; x_wconf 77' lang='lat' dir='ltr'>ddorr&#39;t.</span> 
     </span>
    </p>

    <p class='ocr_par' dir='ltr' id='par_1_4' title="bbox 61 1761 1228 2163">
     <span class='ocr_line' id='line_1_14' title="bbox 148 1761 1227 1846; baseline 0.001 -21"><span class='ocrx_word' id='word_1_130' title='bbox 148 1765 290 1826; x_wconf 83' lang='lat' dir='ltr'>Verbum</span> <span class='ocrx_word' id='word_1_131' title='bbox 312 1763 500 1826; x_wconf 85' lang='lat' dir='ltr'>armoricum</span> <span class='ocrx_word' id='word_1_132' title='bbox 522 1763 694 1844; x_wconf 89' lang='lat' dir='ltr'>positivum</span> <span class='ocrx_word' id='word_1_133' title='bbox 709 1763 780 1846; x_wconf 82' lang='lat' dir='ltr'>fell</span> <span class='ocrx_word' id='word_1_134' title='bbox 793 1761 901 1843; x_wconf 89' lang='lat' dir='ltr'>(velle)</span> <span class='ocrx_word' id='word_1_135' title='bbox 917 1762 994 1825; x_wconf 89' lang='lat' dir='ltr'>item</span> <span class='ocrx_word' id='word_1_136' title='bbox 1016 1762 1227 1846; x_wconf 85' lang='lat' dir='ltr'>impersonale</span> 
     </span>
     <span class='ocr_line' id='line_1_15' title="bbox 61 1867 1226 1953; baseline -0.002 -21"><span class='ocrx_word' id='word_1_137' title='bbox 61 1869 225 1953; x_wconf 85' lang='lat' dir='ltr'>postponit</span> <span class='ocrx_word' id='word_1_138' title='bbox 248 1868 436 1951; x_wconf 86' lang='lat' dir='ltr'>pronomina</span> <span class='ocrx_word' id='word_1_139' title='bbox 458 1889 531 1930; x_wconf 92' lang='lat' dir='ltr'>cum</span> <span class='ocrx_word' id='word_1_140' title='bbox 546 1868 777 1950; x_wconf 86' lang='lat' dir='ltr'>praepositione</span> <span class='ocrx_word' id='word_1_141' title='bbox 793 1870 855 1930; x_wconf 85' lang='lat' dir='ltr'>da:</span> <span class='ocrx_word' id='word_1_142' title='bbox 879 1889 950 1929; x_wconf 85' lang='lat' dir='ltr'>mar</span> <span class='ocrx_word' id='word_1_143' title='bbox 962 1867 1034 1951; x_wconf 84' lang='lat' dir='ltr'>fell</span> <span class='ocrx_word' id='word_1_144' title='bbox 1046 1868 1094 1931; x_wconf 77' lang='lat' dir='ltr'>dit</span> <span class='ocrx_word' id='word_1_145' title='bbox 1108 1868 1149 1949; x_wconf 86' lang='lat' dir='ltr'>(si</span> <span class='ocrx_word' id='word_1_146' title='bbox 1165 1869 1226 1950; x_wconf 88' lang='lat' dir='ltr'>vis)</span> 
     </span>
     <span class='ocr_line' id='line_1_16' title="bbox 62 1973 1228 2059; baseline 0.001 -23"><span class='ocrx_word' id='word_1_147' title='bbox 62 1975 149 2036; x_wconf 92' lang='lat' dir='ltr'>Buh.</span> <span class='ocrx_word' id='word_1_148' title='bbox 170 1981 222 2049; x_wconf 83' lang='grc'><strong>62,</strong></span> <span class='ocrx_word' id='word_1_149' title='bbox 241 1980 292 2036; x_wconf 76' lang='grc'><strong>24.</strong></span> <span class='ocrx_word' id='word_1_150' title='bbox 317 1996 388 2036; x_wconf 77' lang='lat' dir='ltr'>urar</span> <span class='ocrx_word' id='word_1_151' title='bbox 400 1974 471 2058; x_wconf 86' lang='lat' dir='ltr'>fell</span> <span class='ocrx_word' id='word_1_152' title='bbox 484 1973 580 2035; x_wconf 82' lang='lat' dir='ltr'>deoclr</span> <span class='ocrx_word' id='word_1_153' title='bbox 596 1973 637 2055; x_wconf 84' lang='lat' dir='ltr'>(si</span> <span class='ocrx_word' id='word_1_154' title='bbox 652 1973 763 2054; x_wconf 90' lang='lat' dir='ltr'>vultis)</span> <span class='ocrx_word' id='word_1_155' title='bbox 781 1978 832 2047; x_wconf 83' lang='grc'><strong>62,</strong></span> <span class='ocrx_word' id='word_1_156' title='bbox 852 1978 882 2033; x_wconf 90' lang='grc'><strong>2.</strong></span> <span class='ocrx_word' id='word_1_157' title='bbox 898 1981 995 2054; x_wconf 82' lang='lat' dir='ltr'>petra</span> <span class='ocrx_word' id='word_1_158' title='bbox 1010 1995 1030 2034; x_wconf 88' lang='lat' dir='ltr'>a</span> <span class='ocrx_word' id='word_1_159' title='bbox 1044 1973 1116 2056; x_wconf 84' lang='lat' dir='ltr'>fell</span> <span class='ocrx_word' id='word_1_160' title='bbox 1128 1974 1228 2059; x_wconf 74' lang='lat' dir='ltr'>dt&#39;lruy</span> 
     </span>
     <span class='ocr_line' id='line_1_17' title="bbox 63 2079 466 2163; baseline -0.005 -21"><span class='ocrx_word' id='word_1_161' title='bbox 63 2081 155 2163; x_wconf 88' lang='lat' dir='ltr'>(quid</span> <span class='ocrx_word' id='word_1_162' title='bbox 171 2080 267 2143; x_wconf 89' lang='lat' dir='ltr'>vultis</span> <span class='ocrx_word' id='word_1_163' title='bbox 277 2079 302 2160; x_wconf 81' lang='lat' dir='ltr'>l)</span> <span class='ocrx_word' id='word_1_164' title='bbox 322 2084 393 2154; x_wconf 80' lang='lat'>162,</span> <span class='ocrx_word' id='word_1_165' title='bbox 416 2086 466 2140; x_wconf 87' lang='lat'>15.</span> 
     </span>
    </p>

    <p class='ocr_par' dir='ltr' id='par_1_5' title="bbox 63 2182 1229 2459">
     <span class='ocr_line' id='line_1_18' title="bbox 148 2182 1229 2269; baseline 0 -21"><span class='ocrx_word' id='word_1_166' title='bbox 148 2187 190 2248; x_wconf 89' lang='lat' dir='ltr'>V.</span> <span class='ocrx_word' id='word_1_167' title='bbox 215 2186 389 2247; x_wconf 82' lang='lat' dir='ltr'>Addendae</span> <span class='ocrx_word' id='word_1_168' title='bbox 404 2196 480 2247; x_wconf 88' lang='lat' dir='ltr'>sunt</span> <span class='ocrx_word' id='word_1_169' title='bbox 495 2183 668 2269; x_wconf 88' lang='lat' dir='ltr'>peculiares</span> <span class='ocrx_word' id='word_1_170' title='bbox 684 2182 801 2245; x_wconf 91' lang='lat' dir='ltr'>formae</span> <span class='ocrx_word' id='word_1_171' title='bbox 816 2183 971 2264; x_wconf 84' lang='lat' dir='ltr'>quaedam</span> <span class='ocrx_word' id='word_1_172' title='bbox 986 2185 1152 2247; x_wconf 89' lang='lat' dir='ltr'>verborum</span> <span class='ocrx_word' id='word_1_173' title='bbox 1166 2186 1229 2247; x_wconf 92' lang='lat' dir='ltr'>bri·</span> 
     </span>
     <span class='ocr_line' id='line_1_19' title="bbox 65 2287 1229 2375; baseline -0.001 -21"><span class='ocrx_word' id='word_1_174' title='bbox 65 2291 265 2354; x_wconf 88' lang='lat' dir='ltr'>tannicorum</span> <span class='ocrx_word' id='word_1_175' title='bbox 279 2290 530 2373; x_wconf 84' lang='lat' dir='ltr'>significantium</span> <span class='ocrx_word' id='word_1_176' title='bbox 540 2290 596 2353; x_wconf 88' lang='lat' dir='ltr'>lat.</span> <span class='ocrx_word' id='word_1_177' title='bbox 611 2288 703 2363; x_wconf 79' lang='lat' dir='ltr'>scire,</span> <span class='ocrx_word' id='word_1_178' title='bbox 718 2287 842 2364; x_wconf 79' lang='lat' dir='ltr'>audire,</span> <span class='ocrx_word' id='word_1_179' title='bbox 856 2298 889 2351; x_wconf 90' lang='lat' dir='ltr'>et</span> <span class='ocrx_word' id='word_1_180' title='bbox 900 2287 1123 2371; x_wconf 88' lang='lat' dir='ltr'>subjungenda</span> <span class='ocrx_word' id='word_1_181' title='bbox 1134 2312 1229 2375; x_wconf 79' lang='lat' dir='ltr'>quae·</span> 
     </span>
     <span class='ocr_line' id='line_1_20' title="bbox 63 2395 317 2459; baseline 0 -1"><span class='ocrx_word' id='word_1_182' title='bbox 63 2398 138 2459; x_wconf 89' lang='lat' dir='ltr'>dam</span> <span class='ocrx_word' id='word_1_183' title='bbox 154 2395 317 2458; x_wconf 89' lang='lat' dir='ltr'>defectiva.</span> 
     </span>
    </p>

    <p class='ocr_par' dir='ltr' id='par_1_6' title="bbox 64 2498 1230 2793">
     <span class='ocr_line' id='line_1_21' title="bbox 154 2498 1230 2585; baseline 0.003 -25"><span class='ocrx_word' id='word_1_184' title='bbox 154 2509 182 2563; x_wconf 90' lang='lat'>1.</span> <span class='ocrx_word' id='word_1_185' title='bbox 214 2502 341 2564; x_wconf 88' lang='lat' dir='ltr'>Cambr.</span> <span class='ocrx_word' id='word_1_186' title='bbox 367 2501 451 2563; x_wconf 88' lang='lat' dir='ltr'>verb.</span> <span class='ocrx_word' id='word_1_187' title='bbox 473 2501 633 2585; x_wconf 70' lang='lat' dir='ltr'>qudaw,</span> <span class='ocrx_word' id='word_1_188' title='bbox 654 2501 777 2583; x_wconf 71' lang='lat' dir='ltr'>ywdaw</span> <span class='ocrx_word' id='word_1_189' title='bbox 807 2498 913 2581; x_wconf 89' lang='lat' dir='ltr'>(scire)</span> <span class='ocrx_word' id='word_1_190' title='bbox 942 2498 976 2560; x_wconf 89' lang='lat' dir='ltr'>in</span> <span class='ocrx_word' id='word_1_191' title='bbox 998 2498 1230 2582; x_wconf 85' lang='lat' dir='ltr'>significatione</span> 
     </span>
     <span class='ocr_line' id='line_1_22' title="bbox 64 2604 1230 2691; baseline 0.002 -24"><span class='ocrx_word' id='word_1_192' title='bbox 64 2604 239 2691; x_wconf 87' lang='lat' dir='ltr'>praesentis</span> <span class='ocrx_word' id='word_1_193' title='bbox 255 2605 361 2668; x_wconf 88' lang='lat' dir='ltr'>induit</span> <span class='ocrx_word' id='word_1_194' title='bbox 375 2606 507 2668; x_wconf 89' lang='lat' dir='ltr'>formam</span> <span class='ocrx_word' id='word_1_195' title='bbox 520 2605 681 2688; x_wconf 86' lang='lat' dir='ltr'>praeteriti</span> <span class='ocrx_word' id='word_1_196' title='bbox 694 2604 799 2686; x_wconf 86' lang='lat' dir='ltr'>(seriei</span> <span class='ocrx_word' id='word_1_197' title='bbox 814 2605 875 2667; x_wconf 89' lang='lat' dir='ltr'>IV.</span> <span class='ocrx_word' id='word_1_198' title='bbox 889 2604 1078 2686; x_wconf 88' lang='lat' dir='ltr'>anomalae),</span> <span class='ocrx_word' id='word_1_199' title='bbox 1093 2616 1131 2668; x_wconf 90' lang='lat' dir='ltr'>ut</span> <span class='ocrx_word' id='word_1_200' title='bbox 1145 2605 1230 2669; x_wconf 91' lang='lat' dir='ltr'>idem</span> 
     </span>
     <span class='ocr_line' id='line_1_23' title="bbox 64 2709 956 2793; baseline -0.001 -20"><span class='ocrx_word' id='word_1_201' title='bbox 64 2713 198 2774; x_wconf 92' lang='lat' dir='ltr'>verbum</span> <span class='ocrx_word' id='word_1_202' title='bbox 212 2711 287 2774; x_wconf 88' lang='lat' dir='ltr'>facit</span> <span class='ocrx_word' id='word_1_203' title='bbox 301 2710 336 2772; x_wconf 91' lang='lat' dir='ltr'>in</span> <span class='ocrx_word' id='word_1_204' title='bbox 350 2710 461 2793; x_wconf 86' lang='lat' dir='ltr'>lingua</span> <span class='ocrx_word' id='word_1_205' title='bbox 475 2709 638 2774; x_wconf 88' lang='lat' dir='ltr'>hibernica</span> <span class='ocrx_word' id='word_1_206' title='bbox 652 2710 786 2792; x_wconf 87' lang='lat' dir='ltr'>aliisque</span> <span class='ocrx_word' id='word_1_207' title='bbox 802 2713 848 2793; x_wconf 92' lang='lat' dir='ltr'>(p.</span> <span class='ocrx_word' id='word_1_208' title='bbox 868 2713 956 2791; x_wconf 80' lang='lat'>489).</span> 
     </span>
    </p>

    <p class='ocr_par' dir='ltr' id='par_1_7' title="bbox 65 2815 1235 3843">
     <span class='ocr_line' id='line_1_24' title="bbox 152 2815 1232 2900; baseline -0.002 -21"><span class='ocrx_word' id='word_1_209' title='bbox 152 2816 307 2900; x_wconf 86' lang='lat' dir='ltr'>Exempla</span> <span class='ocrx_word' id='word_1_210' title='bbox 328 2818 469 2879; x_wconf 86' lang='lat' dir='ltr'>eMab.:</span> <span class='ocrx_word' id='word_1_211' title='bbox 490 2815 613 2898; x_wconf 77' lang='lat' dir='ltr'>palam</span> <span class='ocrx_word' id='word_1_212' title='bbox 633 2816 740 2879; x_wconf 80' lang='lat' dir='ltr'>wracfr</span> <span class='ocrx_word' id='word_1_213' title='bbox 761 2839 782 2900; x_wconf 77' lang='lat' dir='ltr'><em>y</em></span> <span class='ocrx_word' id='word_1_214' title='bbox 802 2816 947 2899; x_wconf 70' lang='lat' dir='ltr'>qudoat</span> <span class='ocrx_word' id='word_1_215' title='bbox 961 2815 997 2878; x_wconf 77' lang='lat' dir='ltr'>di</span> <span class='ocrx_word' id='word_1_216' title='bbox 1009 2837 1079 2878; x_wconf 83' lang='lat' dir='ltr'>mae</span> <span class='ocrx_word' id='word_1_217' title='bbox 1090 2817 1232 2897; x_wconf 82' lang='lat' dir='ltr'>peredur</span> 
     </span>
     <span class='ocr_line' id='line_1_25' title="bbox 65 2919 1232 3007; baseline -0.003 -22"><span class='ocrx_word' id='word_1_218' title='bbox 65 2922 142 3007; x_wconf 70' lang='lat' dir='ltr'>topfi</span> <span class='ocrx_word' id='word_1_219' title='bbox 156 2922 266 3002; x_wconf 87' lang='lat' dir='ltr'>(unde,</span> <span class='ocrx_word' id='word_1_220' title='bbox 285 2942 377 2996; x_wconf 88' lang='lat' dir='ltr'>anus,</span> <span class='ocrx_word' id='word_1_221' title='bbox 395 2920 455 2983; x_wconf 89' lang='lat' dir='ltr'>sois</span> <span class='ocrx_word' id='word_1_222' title='bbox 479 2933 525 2996; x_wconf 91' lang='lat' dir='ltr'>tu,</span> <span class='ocrx_word' id='word_1_223' title='bbox 544 2922 629 3003; x_wconf 90' lang='lat' dir='ltr'>quod</span> <span class='ocrx_word' id='word_1_224' title='bbox 652 2942 710 3003; x_wconf 89' lang='lat' dir='ltr'>ego</span> <span class='ocrx_word' id='word_1_225' title='bbox 733 2922 772 2984; x_wconf 90' lang='lat' dir='ltr'>P.</span> <span class='ocrx_word' id='word_1_226' title='bbox 799 2925 884 3002; x_wconf 90' lang='lat' dir='ltr'>sum)</span> <span class='ocrx_word' id='word_1_227' title='bbox 903 2928 931 2998; x_wconf 89' lang='lat'>1,</span> <span class='ocrx_word' id='word_1_228' title='bbox 952 2927 1024 2982; x_wconf 83' lang='grc'><strong>257.</strong></span> <span class='ocrx_word' id='word_1_229' title='bbox 1049 2942 1087 2983; x_wconf 82' lang='lat' dir='ltr'>aa</span> <span class='ocrx_word' id='word_1_230' title='bbox 1106 2919 1190 3003; x_wconf 73' lang='lat' dir='ltr'>qwt&#39;r</span> <span class='ocrx_word' id='word_1_231' title='bbox 1211 2942 1232 2982; x_wconf 85' lang='lat' dir='ltr'>a</span> 
     </span>
     <span class='ocr_line' id='line_1_26' title="bbox 66 3025 1233 3112; baseline -0.001 -22"><span class='ocrx_word' id='word_1_232' title='bbox 66 3027 209 3112; x_wconf 77' lang='lat' dir='ltr'>dywedir</span> <span class='ocrx_word' id='word_1_233' title='bbox 229 3035 326 3090; x_wconf 80' lang='lat' dir='ltr'>ornat</span> <span class='ocrx_word' id='word_1_234' title='bbox 347 3025 381 3090; x_wconf 79' lang='lat' dir='ltr'>ti.</span> <span class='ocrx_word' id='word_1_235' title='bbox 399 3028 555 3110; x_wconf 74' lang='lat' dir='ltr'>qudost</span> <span class='ocrx_word' id='word_1_236' title='bbox 575 3026 725 3110; x_wconf 80' lang='lat' dir='ltr'>yslipanu</span> <span class='ocrx_word' id='word_1_237' title='bbox 740 3027 886 3111; x_wconf 75' lang='lat' dir='ltr'>cledyaeu</span> <span class='ocrx_word' id='word_1_238' title='bbox 902 3029 994 3106; x_wconf 91' lang='lat' dir='ltr'>(num</span> <span class='ocrx_word' id='word_1_239' title='bbox 1008 3048 1130 3102; x_wconf 88' lang='lat' dir='ltr'>verum,</span> <span class='ocrx_word' id='word_1_240' title='bbox 1147 3027 1233 3108; x_wconf 90' lang='lat' dir='ltr'>quod</span> 
     </span>
     <span class='ocr_line' id='line_1_27' title="bbox 66 3130 1232 3216; baseline -0.002 -20"><span class='ocrx_word' id='word_1_241' title='bbox 66 3132 183 3196; x_wconf 88' lang='lat' dir='ltr'>dicitur</span> <span class='ocrx_word' id='word_1_242' title='bbox 198 3154 292 3216; x_wconf 87' lang='lat' dir='ltr'>super</span> <span class='ocrx_word' id='word_1_243' title='bbox 307 3143 349 3207; x_wconf 89' lang='lat' dir='ltr'>te,</span> <span class='ocrx_word' id='word_1_244' title='bbox 367 3133 453 3216; x_wconf 90' lang='lat' dir='ltr'>quod</span> <span class='ocrx_word' id='word_1_245' title='bbox 467 3131 528 3194; x_wconf 86' lang='lat' dir='ltr'>scis</span> <span class='ocrx_word' id='word_1_246' title='bbox 544 3153 655 3194; x_wconf 89' lang='lat' dir='ltr'>acuere</span> <span class='ocrx_word' id='word_1_247' title='bbox 669 3131 790 3214; x_wconf 84' lang='lat' dir='ltr'>gladios</span> <span class='ocrx_word' id='word_1_248' title='bbox 798 3130 824 3212; x_wconf 79' lang='lat' dir='ltr'>l)</span> <span class='ocrx_word' id='word_1_249' title='bbox 842 3137 873 3206; x_wconf 89' lang='grc'>2,</span> <span class='ocrx_word' id='word_1_250' title='bbox 893 3135 966 3194; x_wconf 89' lang='grc'><strong>229.</strong></span> <span class='ocrx_word' id='word_1_251' title='bbox 992 3135 1113 3195; x_wconf 80' lang='lat' dir='ltr'>awdost</span> <span class='ocrx_word' id='word_1_252' title='bbox 1127 3131 1163 3193; x_wconf 74' lang='lat' dir='ltr'>di</span> <span class='ocrx_word' id='word_1_253' title='bbox 1177 3133 1232 3211; x_wconf 84' lang='lat' dir='ltr'>(an</span> 
     </span>
     <span class='ocr_line' id='line_1_28' title="bbox 66 3236 1233 3319; baseline -0.001 -19"><span class='ocrx_word' id='word_1_254' title='bbox 66 3238 127 3300; x_wconf 88' lang='lat' dir='ltr'>scis</span> <span class='ocrx_word' id='word_1_255' title='bbox 144 3237 213 3319; x_wconf 76' lang='lat' dir='ltr'>tul)</span> <span class='ocrx_word' id='word_1_256' title='bbox 227 3243 257 3312; x_wconf 86' lang='lat'>2,</span> <span class='ocrx_word' id='word_1_257' title='bbox 274 3243 325 3298; x_wconf 86' lang='grc'><strong>23.</strong></span> <span class='ocrx_word' id='word_1_258' title='bbox 341 3243 379 3297; x_wconf 83' lang='grc'>47</span> <span class='ocrx_word' id='word_1_259' title='bbox 386 3285 393 3298; x_wconf 95' lang='grc'><strong>.</strong></span> <span class='ocrx_word' id='word_1_260' title='bbox 410 3243 461 3298; x_wconf 84' lang='grc'>60.</span> <span class='ocrx_word' id='word_1_261' title='bbox 481 3236 507 3299; x_wconf 83' lang='lat' dir='ltr'>a·</span> <span class='ocrx_word' id='word_1_262' title='bbox 520 3238 706 3317; x_wconf 79' lang='lat' dir='ltr'>awdast(tu</span> <span class='ocrx_word' id='word_1_263' title='bbox 721 3236 795 3316; x_wconf 90' lang='lat' dir='ltr'>scis)</span> <span class='ocrx_word' id='word_1_264' title='bbox 812 3244 840 3312; x_wconf 83' lang='lat' dir='ltr'>l,</span> <span class='ocrx_word' id='word_1_265' title='bbox 857 3244 907 3299; x_wconf 84' lang='lat'>19.</span> <span class='ocrx_word' id='word_1_266' title='bbox 925 3237 962 3300; x_wconf 79' lang='lat' dir='ltr'>ni</span> <span class='ocrx_word' id='word_1_267' title='bbox 974 3238 1098 3299; x_wconf 84' lang='lat' dir='ltr'>awdam</span> <span class='ocrx_word' id='word_1_268' title='bbox 1111 3258 1132 3319; x_wconf 78' lang='lat' dir='ltr'><em>y</em></span> <span class='ocrx_word' id='word_1_269' title='bbox 1145 3237 1233 3299; x_wconf 67' lang='lat' dir='ltr'>hacto</span> 
     </span>
     <span class='ocr_line' id='line_1_29' title="bbox 67 3340 1233 3426; baseline -0.001 -21"><span class='ocrx_word' id='word_1_270' title='bbox 67 3367 105 3406; x_wconf 82' lang='lat' dir='ltr'>ue</span> <span class='ocrx_word' id='word_1_271' title='bbox 128 3344 228 3405; x_wconf 75' lang='lat' dir='ltr'>bened</span> <span class='ocrx_word' id='word_1_272' title='bbox 241 3346 313 3422; x_wconf 87' lang='lat' dir='ltr'>(nos</span> <span class='ocrx_word' id='word_1_273' title='bbox 335 3340 452 3403; x_wconf 84' lang='lat' dir='ltr'>scimus</span> <span class='ocrx_word' id='word_1_274' title='bbox 472 3362 588 3404; x_wconf 89' lang='lat' dir='ltr'>nomen</span> <span class='ocrx_word' id='word_1_275' title='bbox 611 3342 679 3424; x_wconf 88' lang='lat' dir='ltr'>ejus</span> <span class='ocrx_word' id='word_1_276' title='bbox 702 3352 734 3403; x_wconf 88' lang='lat' dir='ltr'>ct</span> <span class='ocrx_word' id='word_1_277' title='bbox 754 3362 867 3422; x_wconf 79' lang='lat' dir='ltr'>genuS,</span> <span class='ocrx_word' id='word_1_278' title='bbox 885 3340 1024 3424; x_wconf 89' lang='lat' dir='ltr'>puellae)</span> <span class='ocrx_word' id='word_1_279' title='bbox 1042 3348 1071 3417; x_wconf 88' lang='lat'>3,</span> <span class='ocrx_word' id='word_1_280' title='bbox 1093 3347 1166 3403; x_wconf 88' lang='grc'><strong>270.</strong></span> <span class='ocrx_word' id='word_1_281' title='bbox 1191 3364 1233 3426; x_wconf 77' lang='lat' dir='ltr'>ny</span> 
     </span>
     <span class='ocr_line' id='line_1_30' title="bbox 67 3444 1234 3528; baseline -0.003 -17"><span class='ocrx_word' id='word_1_282' title='bbox 67 3451 172 3511; x_wconf 75' lang='lat' dir='ltr'>aedom</span> <span class='ocrx_word' id='word_1_283' title='bbox 201 3446 237 3508; x_wconf 76' lang='lat' dir='ltr'>ai</span> <span class='ocrx_word' id='word_1_284' title='bbox 263 3445 330 3507; x_wconf 73' lang='lat' dir='ltr'>dim</span> <span class='ocrx_word' id='word_1_285' title='bbox 357 3468 392 3506; x_wconf 87' lang='lat' dir='ltr'>oe</span> <span class='ocrx_word' id='word_1_286' title='bbox 412 3444 652 3528; x_wconf 66' lang='lat' dir='ltr'>hentyuedodeu</span> <span class='ocrx_word' id='word_1_287' title='bbox 673 3446 845 3525; x_wconf 87' lang='lat' dir='ltr'>(nescimus</span> <span class='ocrx_word' id='word_1_288' title='bbox 871 3446 991 3528; x_wconf 86' lang='lat' dir='ltr'>aliquid</span> <span class='ocrx_word' id='word_1_289' title='bbox 1012 3448 1051 3508; x_wconf 88' lang='lat' dir='ltr'>de</span> <span class='ocrx_word' id='word_1_290' title='bbox 1073 3446 1234 3508; x_wconf 86' lang='lat' dir='ltr'>miraculis</span> 
     </span>
     <span class='ocr_line' id='line_1_31' title="bbox 68 3549 1235 3636; baseline -0.001 -21"><span class='ocrx_word' id='word_1_291' title='bbox 68 3555 149 3636; x_wconf 84' lang='lat' dir='ltr'>ojus,</span> <span class='ocrx_word' id='word_1_292' title='bbox 164 3549 272 3629; x_wconf 85' lang='lat' dir='ltr'>castri)</span> <span class='ocrx_word' id='word_1_293' title='bbox 289 3557 316 3625; x_wconf 90' lang='lat' dir='ltr'>l,</span> <span class='ocrx_word' id='word_1_294' title='bbox 332 3554 404 3611; x_wconf 87' lang='grc'><strong>292.</strong></span> <span class='ocrx_word' id='word_1_295' title='bbox 423 3572 443 3611; x_wconf 90' lang='grc' dir='ltr'><em>α</em></span> <span class='ocrx_word' id='word_1_296' title='bbox 458 3551 617 3635; x_wconf 79' lang='lat' dir='ltr'>wydcwcft</span> <span class='ocrx_word' id='word_1_297' title='bbox 632 3551 796 3636; x_wconf 77' lang='lat' dir='ltr'>chwipwy</span> <span class='ocrx_word' id='word_1_298' title='bbox 811 3574 831 3635; x_wconf 80' lang='lat' dir='ltr'><em>y</em></span> <span class='ocrx_word' id='word_1_299' title='bbox 848 3551 1025 3615; x_wconf 80' lang='lat' dir='ltr'>marchuwc</span> <span class='ocrx_word' id='word_1_300' title='bbox 1040 3556 1133 3633; x_wconf 89' lang='lat' dir='ltr'>(num</span> <span class='ocrx_word' id='word_1_301' title='bbox 1148 3551 1235 3614; x_wconf 86' lang='lat' dir='ltr'>scitis</span> 
     </span>
     <span class='ocr_line' id='line_1_32' title="bbox 68 3655 1234 3742; baseline -0.001 -22"><span class='ocrx_word' id='word_1_302' title='bbox 68 3680 135 3733; x_wconf 85' lang='lat' dir='ltr'>vos,</span> <span class='ocrx_word' id='word_1_303' title='bbox 154 3657 224 3739; x_wconf 88' lang='lat' dir='ltr'>quis</span> <span class='ocrx_word' id='word_1_304' title='bbox 247 3655 376 3739; x_wconf 81' lang='lat' dir='ltr'>equesl)</span> <span class='ocrx_word' id='word_1_305' title='bbox 397 3664 424 3733; x_wconf 91' lang='lat'>1,</span> <span class='ocrx_word' id='word_1_306' title='bbox 444 3662 517 3718; x_wconf 85' lang='grc'><strong>257.</strong></span> <span class='ocrx_word' id='word_1_307' title='bbox 550 3656 657 3720; x_wconf 85' lang='lat' dir='ltr'>Tertia</span> <span class='ocrx_word' id='word_1_308' title='bbox 678 3678 814 3739; x_wconf 88' lang='lat' dir='ltr'>persona</span> <span class='ocrx_word' id='word_1_309' title='bbox 836 3657 910 3720; x_wconf 91' lang='lat' dir='ltr'>inde</span> <span class='ocrx_word' id='word_1_310' title='bbox 928 3659 1136 3741; x_wconf 85' lang='lat' dir='ltr'>supponenda</span> <span class='ocrx_word' id='word_1_311' title='bbox 1147 3679 1234 3742; x_wconf 68' lang='lat' dir='ltr'>prey-</span> 
     </span>
     <span class='ocr_line' id='line_1_33' title="bbox 70 3762 308 3843; baseline -0.008 -17"><span class='ocrx_word' id='word_1_312' title='bbox 70 3767 148 3827; x_wconf 74' lang='lat' dir='ltr'>‹Iant</span> <span class='ocrx_word' id='word_1_313' title='bbox 162 3762 308 3843; x_wconf 81' lang='lat' dir='ltr'>(sciunt).</span> 
     </span>
    </p>
   </div>
   <div class='ocr_carea' id='block_1_3' title="bbox 63 3865 1239 4478">
    <p class='ocr_par' dir='ltr' id='par_1_8' title="bbox 63 3865 1239 4478">
     <span class='ocr_line' id='line_1_34' title="bbox 155 3865 1236 3956; baseline -0.002 -26"><span class='ocrx_word' id='word_1_314' title='bbox 155 3869 259 3956; x_wconf 83' lang='lat' dir='ltr'>Deest</span> <span class='ocrx_word' id='word_1_315' title='bbox 273 3868 308 3930; x_wconf 91' lang='lat' dir='ltr'>in</span> <span class='ocrx_word' id='word_1_316' title='bbox 331 3868 381 3930; x_wconf 90' lang='lat' dir='ltr'>his</span> <span class='ocrx_word' id='word_1_317' title='bbox 406 3875 434 3932; x_wconf 92' lang='lat'>1.</span> <span class='ocrx_word' id='word_1_318' title='bbox 453 3879 485 3931; x_wconf 90' lang='lat' dir='ltr'>et</span> <span class='ocrx_word' id='word_1_319' title='bbox 508 3874 537 3930; x_wconf 88' lang='lat'>3.</span> <span class='ocrx_word' id='word_1_320' title='bbox 555 3889 638 3951; x_wconf 90' lang='lat' dir='ltr'>pers.</span> <span class='ocrx_word' id='word_1_321' title='bbox 662 3868 786 3931; x_wconf 91' lang='lat' dir='ltr'>numeri</span> <span class='ocrx_word' id='word_1_322' title='bbox 808 3868 989 3951; x_wconf 79' lang='lat' dir='ltr'>singularis,</span> <span class='ocrx_word' id='word_1_323' title='bbox 1015 3889 1095 3952; x_wconf 85' lang='lat' dir='ltr'>quae</span> <span class='ocrx_word' id='word_1_324' title='bbox 1117 3865 1236 3929; x_wconf 86' lang='lat' dir='ltr'>scilicet</span> 
     </span>
     <span class='ocr_line' id='line_1_35' title="bbox 71 3971 1236 4058; baseline 0.001 -23"><span class='ocrx_word' id='word_1_325' title='bbox 71 3971 293 4055; x_wconf 88' lang='lat' dir='ltr'>significantur</span> <span class='ocrx_word' id='word_1_326' title='bbox 313 3972 448 4057; x_wconf 85' lang='lat' dir='ltr'>propriis</span> <span class='ocrx_word' id='word_1_327' title='bbox 471 3971 600 4047; x_wconf 87' lang='lat' dir='ltr'>formis,</span> <span class='ocrx_word' id='word_1_328' title='bbox 625 3972 680 4035; x_wconf 89' lang='lat' dir='ltr'>illa</span> <span class='ocrx_word' id='word_1_329' title='bbox 701 3995 834 4056; x_wconf 70' lang='lat' dir='ltr'>apwnn</span> <span class='ocrx_word' id='word_1_330' title='bbox 857 3975 911 4055; x_wconf 88' lang='lat' dir='ltr'>(cf.</span> <span class='ocrx_word' id='word_1_331' title='bbox 935 3974 1059 4038; x_wconf 85' lang='lat' dir='ltr'>hibern.</span> <span class='ocrx_word' id='word_1_332' title='bbox 1077 3976 1144 4037; x_wconf 88' lang='lat' dir='ltr'>rad.</span> <span class='ocrx_word' id='word_1_333' title='bbox 1157 3973 1236 4058; x_wconf 78' lang='lat' dir='ltr'>fian</span> 
     </span>
     <span class='ocr_line' id='line_1_36' title="bbox 69 4077 1236 4165; baseline 0.002 -26"><span class='ocrx_word' id='word_1_334' title='bbox 69 4101 102 4160; x_wconf 92' lang='lat' dir='ltr'>p.</span> <span class='ocrx_word' id='word_1_335' title='bbox 122 4083 210 4156; x_wconf 84' lang='grc'><strong>490),</strong></span> <span class='ocrx_word' id='word_1_336' title='bbox 228 4079 306 4141; x_wconf 87' lang='lat' dir='ltr'>haec</span> <span class='ocrx_word' id='word_1_337' title='bbox 321 4101 340 4140; x_wconf 90' lang='lat' dir='ltr'>a</span> <span class='ocrx_word' id='word_1_338' title='bbox 352 4099 454 4161; x_wconf 75' lang='lat' dir='ltr'>qtoyr.</span> <span class='ocrx_word' id='word_1_339' title='bbox 483 4077 656 4160; x_wconf 82' lang='lat' dir='ltr'>Exempla:</span> <span class='ocrx_word' id='word_1_340' title='bbox 675 4079 796 4141; x_wconf 82' lang='lat' dir='ltr'>awdost</span> <span class='ocrx_word' id='word_1_341' title='bbox 809 4077 929 4163; x_wconf 78' lang='lat' dir='ltr'>dipwy</span> <span class='ocrx_word' id='word_1_342' title='bbox 944 4083 994 4162; x_wconf 78' lang='lat' dir='ltr'>y&#39;w</span> <span class='ocrx_word' id='word_1_343' title='bbox 1010 4080 1054 4165; x_wconf 89' lang='lat' dir='ltr'>ef.</span> <span class='ocrx_word' id='word_1_344' title='bbox 1069 4102 1165 4164; x_wconf 70' lang='lat' dir='ltr'>prona</span> <span class='ocrx_word' id='word_1_345' title='bbox 1179 4078 1236 4142; x_wconf 72' lang='lat' dir='ltr'>heb</span> 
     </span>
     <span class='ocr_line' id='line_1_37' title="bbox 69 4180 1239 4270; baseline 0 -24"><span class='ocrx_word' id='word_1_346' title='bbox 69 4193 164 4268; x_wconf 67' lang='lat' dir='ltr'>pratea</span> <span class='ocrx_word' id='word_1_347' title='bbox 181 4188 235 4265; x_wconf 87' lang='lat' dir='ltr'>(an</span> <span class='ocrx_word' id='word_1_348' title='bbox 258 4185 318 4247; x_wconf 89' lang='lat' dir='ltr'>scis</span> <span class='ocrx_word' id='word_1_349' title='bbox 341 4195 388 4258; x_wconf 85' lang='lat' dir='ltr'>tu,</span> <span class='ocrx_word' id='word_1_350' title='bbox 406 4182 476 4265; x_wconf 88' lang='lat' dir='ltr'>quis</span> <span class='ocrx_word' id='word_1_351' title='bbox 499 4191 547 4244; x_wconf 89' lang='lat' dir='ltr'>est</span> <span class='ocrx_word' id='word_1_352' title='bbox 567 4181 642 4243; x_wconf 79' lang='lat' dir='ltr'>illel</span> <span class='ocrx_word' id='word_1_353' title='bbox 664 4181 740 4258; x_wconf 84' lang='lat' dir='ltr'>scic,</span> <span class='ocrx_word' id='word_1_354' title='bbox 758 4180 840 4245; x_wconf 81' lang='lat' dir='ltr'>dixit</span> <span class='ocrx_word' id='word_1_355' title='bbox 855 4182 923 4263; x_wconf 92' lang='lat' dir='ltr'>ille)</span> <span class='ocrx_word' id='word_1_356' title='bbox 941 4190 971 4261; x_wconf 94' lang='grc'><strong>2,</strong></span> <span class='ocrx_word' id='word_1_357' title='bbox 991 4191 1042 4246; x_wconf 87' lang='grc'><strong>23.</strong></span> <span class='ocrx_word' id='word_1_358' title='bbox 1067 4208 1110 4270; x_wconf 70' lang='lat' dir='ltr'>ny</span> <span class='ocrx_word' id='word_1_359' title='bbox 1132 4208 1203 4247; x_wconf 78' lang='lat' dir='ltr'>wrm</span> <span class='ocrx_word' id='word_1_360' title='bbox 1224 4183 1239 4246; x_wconf 74' lang='grc' dir='ltr'><strong><em>ἰ</em></strong></span> 
     </span>
     <span class='ocr_line' id='line_1_38' title="bbox 63 4287 1236 4374; baseline 0.001 -23"><span class='ocrx_word' id='word_1_361' title='bbox 63 4313 141 4374; x_wconf 67' lang='lat' dir='ltr'>play</span> <span class='ocrx_word' id='word_1_362' title='bbox 162 4299 221 4373; x_wconf 76' lang='lat' dir='ltr'>ynt</span> <span class='ocrx_word' id='word_1_363' title='bbox 235 4290 306 4374; x_wconf 77' lang='lat' dir='ltr'>hwy</span> <span class='ocrx_word' id='word_1_364' title='bbox 322 4290 379 4352; x_wconf 80' lang='lat' dir='ltr'>deb</span> <span class='ocrx_word' id='word_1_365' title='bbox 395 4289 439 4373; x_wconf 88' lang='lat' dir='ltr'>ef.</span> <span class='ocrx_word' id='word_1_366' title='bbox 458 4287 504 4350; x_wconf 78' lang='lat' dir='ltr'>mi</span> <span class='ocrx_word' id='word_1_367' title='bbox 525 4310 563 4349; x_wconf 83' lang='lat' dir='ltr'>ae</span> <span class='ocrx_word' id='word_1_368' title='bbox 574 4308 670 4371; x_wconf 77' lang='lat' dir='ltr'>qwnn</span> <span class='ocrx_word' id='word_1_369' title='bbox 685 4287 742 4350; x_wconf 79' lang='lat' dir='ltr'>fred</span> <span class='ocrx_word' id='word_1_370' title='bbox 756 4311 777 4371; x_wconf 79' lang='lat' dir='ltr'><strong><em>y</em></strong></span> <span class='ocrx_word' id='word_1_371' title='bbox 790 4289 1016 4374; x_wconf 74' lang='lat' dir='ltr'>qwenltwyuor</span> <span class='ocrx_word' id='word_1_372' title='bbox 1031 4291 1162 4371; x_wconf 89' lang='lat' dir='ltr'>(nescio,</span> <span class='ocrx_word' id='word_1_373' title='bbox 1180 4288 1236 4372; x_wconf 91' lang='lat' dir='ltr'>qui</span> 
     </span>
     <span class='ocr_line' id='line_1_39' title="bbox 70 4391 1238 4478; baseline 0.001 -20"><span class='ocrx_word' id='word_1_374' title='bbox 70 4395 147 4472; x_wconf 88' lang='lat' dir='ltr'>sint,</span> <span class='ocrx_word' id='word_1_375' title='bbox 165 4394 247 4458; x_wconf 77' lang='lat' dir='ltr'>dixit</span> <span class='ocrx_word' id='word_1_376' title='bbox 262 4395 300 4458; x_wconf 91' lang='lat' dir='ltr'>is.</span> <span class='ocrx_word' id='word_1_377' title='bbox 318 4417 376 4478; x_wconf 89' lang='lat' dir='ltr'>ego</span> <span class='ocrx_word' id='word_1_378' title='bbox 391 4395 424 4457; x_wconf 93' lang='lat' dir='ltr'>id</span> <span class='ocrx_word' id='word_1_379' title='bbox 439 4394 515 4470; x_wconf 87' lang='lat' dir='ltr'>scio,</span> <span class='ocrx_word' id='word_1_380' title='bbox 530 4391 636 4476; x_wconf 91' lang='lat' dir='ltr'>inquit</span> <span class='ocrx_word' id='word_1_381' title='bbox 651 4393 711 4474; x_wconf 91' lang='lat' dir='ltr'>G.)</span> <span class='ocrx_word' id='word_1_382' title='bbox 725 4398 755 4470; x_wconf 91' lang='grc'><strong>2,</strong></span> <span class='ocrx_word' id='word_1_383' title='bbox 771 4398 823 4456; x_wconf 85' lang='grc'><strong>23.</strong></span> <span class='ocrx_word' id='word_1_384' title='bbox 841 4393 888 4457; x_wconf 76' lang='lat' dir='ltr'>mi</span> <span class='ocrx_word' id='word_1_385' title='bbox 899 4416 1005 4472; x_wconf 82' lang='lat' dir='ltr'>awna,</span> <span class='ocrx_word' id='word_1_386' title='bbox 1020 4394 1067 4459; x_wconf 77' lang='lat' dir='ltr'>mi</span> <span class='ocrx_word' id='word_1_387' title='bbox 1079 4417 1151 4459; x_wconf 82' lang='lat' dir='ltr'>awa</span> <span class='ocrx_word' id='word_1_388' title='bbox 1166 4398 1238 4477; x_wconf 86' lang='lat' dir='ltr'>(ego</span> 
     </span>
    </p>
   </div>
   <div class='ocr_carea' id='block_1_4' title="bbox 0 0 1477 4980">
    <p class='ocr_par' dir='ltr' id='par_1_9' title="bbox 0 0 1477 4980">
     <span class='ocr_line' id='line_1_40' title="bbox 0 0 1477 4980; baseline 0 0"><span class='ocrx_word' id='word_1_389' title='bbox 0 0 1477 4980; x_wconf 95' lang='lat' dir='ltr'> </span> 
     </span>
    </p>
   </div>
  </div>
 </body>
</html>
