2896 4980
295 1240 298 1247 ’
410 1240 638 1432 arara
674 1300 981 1481 anana
1032 1318 1053 1433 1
1076 1322 1132 1469 1·

547 1785 623 1864 DE
659 1783 766 1866 SON
769 1783 834 1865 IS.

207 2046 275 2109 Soni
296 2048 426 2132 linguae
447 2048 591 2124 celticae,
617 2070 697 2131 quae
727 2048 974 2134 deprehenditur
1005 2073 1069 2114 una
1091 2053 1273 2135 linguarum

146 2146 212 2212 *isiae
224 2164 253 2215 et
268 2154 414 2236 Europae
426 2152 572 2215 affinium
587 2174 606 2215 a
617 2152 798 2236 primordio,
814 2154 848 2215 in
860 2154 930 2216 aliis
942 2155 1070 2236 quidem
1081 2159 1273 2220 concordans

144 2272 194 2316 tum
205 2257 310 2319 ceteris
326 2257 468 2339 ejusdem
483 2257 624 2340 originis,
639 2258 673 2319 in
689 2258 759 2321 aliis
771 2257 898 2341 propria
910 2270 941 2321 et
952 2259 1002 2321 sui
1014 2261 1149 2343 generis,
1164 2283 1273 2344 quam-

143 2355 173 2418 ris
193 2362 229 2423 sit.
248 2376 279 2424 et
301 2363 370 2444 ipsa
384 2362 496 2437 divisa,
520 2385 560 2425 ex
575 2385 637 2446 quo
653 2374 779 2425 exstant
795 2363 910 2445 scripta
924 2376 1142 2441 monumenta,
1160 2368 1194 2426 in
1209 2367 1273 2427 duo

140 2466 278 2549 praecipue
292 2489 426 2549 genera,
451 2489 553 2529 unum
567 2467 784 2542 hibernicum,
804 2466 939 2530 alterum
955 2470 1168 2532 britannicum
1182 2469 1272 2552 galli-

139 2586 263 2653 amque,
287 2594 355 2633 sese
376 2571 495 2634 habent
516 2583 553 2634 ut
569 2572 680 2654 lingua
701 2572 770 2656 ipsa
785 2573 899 2635 omnis.
938 2575 1139 2639 Concordant
1154 2575 1273 2638 scilieet

138 2668 159 2732 in
171 2695 284 2738 summa
299 2676 427 2758 quidem
443 2697 516 2737 cum
531 2676 617 2739 sonis
633 2676 766 2738 aliarum
782 2677 927 2740 affinium
941 2679 1134 2761 linguarum,
1153 2680 1187 2741 in
1203 2701 1272 2761 spe·

137 2775 280 2842 notamen
294 2779 430 2863 propriis
445 2780 504 2841 viis
520 2791 552 2842 et
566 2779 689 2862 legibus
706 2782 905 2844 evelluntur.
939 2785 1026 2851 Quas
1043 2805 1192 2846 sonorum
1208 2794 1272 2845 tam

136 2882 246 2964 origines
263 2907 360 2967 quam
375 2884 460 2967 leges
477 2885 665 2948 evolutionis
681 2906 808 2962 eruere,
829 2887 965 2949 stamina
980 2901 1012 2952 et
1027 2888 1183 2950 elementa
1198 2909 1271 2969 ergo

137 2981 238 3068 linguae
250 2990 428 3071 utriusque,
441 2989 620 3052 hibernicae
631 3001 664 3052 et
674 2990 880 3067 britannicae,
892 3014 1059 3075 exponere,
1070 2990 1165 3072 hujus
1177 2989 1272 3072 primi

137 3085 187 3152 libri
199 3105 421 3176 argumentum
436 3093 506 3155 erit.

199 3198 355 3260 Sonorum
370 3197 461 3280 signa
476 3196 498 3259 i.
516 3219 544 3260 e.
562 3198 688 3276 literae,
715 3221 755 3263 ex
772 3222 834 3283 quo
851 3203 1021 3263 traduntur
1034 3199 1165 3283 gallicae
1180 3219 1270 3262 voces

138 3297 172 3359 vel
183 3302 305 3366 nomina
320 3326 339 3365 a
356 3302 521 3379 Romanis,
538 3325 578 3365 ex
594 3326 656 3386 quo
672 3305 798 3368 transiit
812 3305 984 3369 christiana
998 3305 1109 3387 religio
1124 3327 1143 3366 a
1153 3305 1271 3366 Roma-

139 3399 214 3468 nisan
225 3408 347 3481 Gallos,
363 3407 534 3470 Britannos
546 3419 578 3470 et
589 3409 762 3485 Hibernos,
777 3431 907 3472 romana
918 3421 995 3472 sunt
1005 3410 1055 3472 vel
1066 3410 1176 3485 latina,
1191 3430 1271 3491 quae

140 3510 200 3584 apud
213 3512 373 3574 Hibernos
388 3511 457 3593 jam
471 3510 545 3574 inde
560 3534 579 3573 a
593 3513 699 3575 seculo
715 3513 827 3596 quinto
842 3515 968 3597 propria
983 3515 1083 3578 forma
1098 3514 1225 3577 exculta
1240 3525 1273 3575 et

140 3616 303 3696 transgressa
331 3617 371 3678 ad
392 3617 514 3699 Anglos
542 3628 574 3679 et
595 3616 736 3680 Saxones
763 3640 881 3681 nomen
901 3632 1090 3701 acceperunt
1109 3620 1272 3682 literarum

140 3717 426 3797 anglosaxonicam
441 3720 491 3783 vel
506 3720 678 3802 scriptruae
694 3722 967 3804 anglosaxonicae.
991 3726 1077 3787 Ante
1092 3724 1198 3785 literas
1213 3722 1271 3784 has

139 3818 297 3888 alamanis
313 3837 454 3908 receptas
469 3827 555 3907 apud
569 3826 703 3910 populos
719 3827 844 3890 celticos
861 3830 1048 3911 scripturam
1062 3827 1222 3910 propriam
1237 3825 1272 3887 in

139 3938 182 3984 ¹1⁸11
201 3928 311 4006 fuisse,
343 3930 560 3992 testimonium
585 3930 749 4013 perhibere
775 3930 900 3992 videtur
920 3954 1036 3994 nomen
1061 3931 1203 4013 opacius,
1221 3929 1272 3990 dei

138 4025 217 4102 gallici
236 4034 390 4097 sermonis
406 4046 437 4097 et
453 4035 599 4118 linguae,
623 4038 708 4118 quod
728 4035 848 4098 scilieet
869 4058 985 4098 nomen
1009 4036 1094 4118 apud
1110 4034 1271 4095 Hibernos

139 4139 265 4213 usquead
280 4138 433 4202 hodierna
449 4152 589 4223 tempora
610 4153 769 4204 servatum
784 4151 832 4203 est
847 4140 881 4201 in
897 4162 972 4202 voce
991 4142 1090 4222 Opem
1107 4138 1268 4223 (opham,

90 4310 102 4331 ,Ι
139 4230 259 4325 oolam)
275 4244 463 4327 designante
480 4245 653 4329 scripturae
674 4256 818 4309 vetustae
840 4244 1019 4306 hibernicae
1040 4244 1203 4328 proprium
1218 4265 1270 4325 ge-

135 4353 193 4438 nle,
214 4348 343 4411 obvium
364 4349 399 4411 in
414 4349 558 4433 lapidum
578 4350 838 4435 inscriptionibus
868 4349 1018 4424 vetustis,
1045 4349 1270 4433 cognitumque

171 4469 224 4515 von.
238 4463 261 4516 I.
1046 4457 1060 4512 l
