2896 4980
241 357 302 421 528
388 356 455 419 ΙΙΙ.
474 359 504 417 2.
536 373 638 418 vaani
654 372 1007 418 narr.rsss.1uriu1r.
1025 372 1068 416 nr
1083 370 1254 416 rsnrrcrn.

327 526 363 591 Si
388 523 568 587 infinitivus
587 521 704 606 passivi
726 523 883 604 dependet
902 523 941 585 ab
963 521 1025 585 alio
1046 521 1159 597 verbo,
1184 542 1215 583 e.
1232 542 1282 604 gr.
1304 541 1391 605 posse,

240 633 301 695 hoc
322 632 427 715 ipsum
447 628 624 691 britannice
640 627 747 690 induit
761 628 876 690 formas
891 627 1043 710 passivas,
1061 646 1091 688 e.
1107 647 1157 708 gr.
1176 625 1350 688 cambriae:
1368 624 1396 688 oi

240 736 315 800 ellir
338 733 456 798 lludios
472 735 551 813 (non
566 743 671 815 potest
684 731 843 815 impediri)
860 733 938 815 Leg.
958 736 988 793 2.
1009 738 1059 795 11.
1079 737 1130 794 35.
1157 732 1296 816 ypcllir
1310 732 1394 815 dyue

241 842 299 904 dut
313 839 363 902 idi
374 861 395 923 y
412 838 462 900 dot
475 859 518 922 yn
530 837 694 920 dcekcsor
702 838 856 919 purech
864 838 984 919 (potest
994 837 1057 899 dici
1069 837 1109 899 dc
1120 858 1171 913 ea,
1186 858 1257 899 esse
1269 857 1341 898 eam
1350 834 1396 896 for·

240 943 452 1008 mosissimam
462 964 480 1003 e
491 940 690 1020 mulieribus)
700 942 789 1004 Mab.
800 948 829 1016 1,
843 947 893 1002 17.
907 962 979 1024 ary
990 940 1071 1004 llcclr
1082 963 1104 1024 y
1115 922 1398 1023 mackaaecaryoat

241 1048 323 1112 rertd
340 1048 478 1131 padeeyn
500 1054 627 1130 arpent.
651 1046 720 1108 naal
737 1067 781 1108 oa
799 1044 874 1107 ollir
888 1067 927 1107 eu
938 1045 1067 1128 pedona
1082 1044 1131 1126 (in
1147 1044 1258 1128 lapide
1273 1054 1323 1107 cst
1336 1044 1397 1105 laur

241 1163 390 1234 argentea
405 1173 479 1214 cum
493 1162 604 1227 catena
618 1160 778 1231 argentea,
792 1171 833 1212 ne
848 1149 973 1231 possint
986 1149 1138 1233 separari)
1155 1157 1185 1225 1,
1202 1156 1234 1211 8.
1254 1148 1399 1212 tiaudoet

242 1279 286 1320 nu
301 1257 374 1319 ellir
388 1255 512 1339 kynnal
521 1256 563 1338 dy
572 1251 703 1338 qyfoeth
717 1252 753 1315 di
762 1273 880 1337 namyn
892 1275 909 1315 o
921 1252 1107 1337 oiltcryacth
1119 1277 1159 1316 ac
1171 1275 1277 1316 arueu
1289 1255 1338 1333 (tu
1348 1253 1396 1314 scis

241 1363 328 1444 quod
349 1382 414 1423 non
435 1359 535 1442 possit
550 1356 675 1422 defendi
690 1355 868 1419 dominium
884 1367 976 1420 tuum
990 1357 1052 1420 nisi
1068 1357 1188 1420 virtute
1203 1369 1238 1420 ct
1252 1357 1357 1438 armis)
1372 1364 1395 1431 1,

247 1472 297 1527 19.
320 1464 444 1548 menepi
461 1472 515 1527 uot
534 1485 556 1546 y
574 1460 746 1525 hiarllaetl·
766 1482 810 1543 yn
831 1464 931 1526 weda.
949 1485 989 1525 ec
1002 1484 1045 1525 oc
1060 1462 1165 1546 ellity
1181 1461 1327 1545 chynnol
1336 1470 1399 1544 coyt

242 1567 375 1631 ouarcl
391 1589 429 1630 ac
447 1589 546 1630 orucu
561 1565 782 1651 amilwryacth
798 1563 904 1646 (dixit,
922 1564 1093 1643 comitissa,
1111 1567 1200 1648 quod
1215 1578 1301 1629 esset
1314 1565 1398 1629 comi·

242 1683 329 1736 tatus
351 1693 427 1734 suus
450 1693 515 1733 non
537 1671 697 1746 defensus,
716 1681 748 1732 ct
770 1670 854 1752 quod
876 1668 977 1753 possit
996 1671 1112 1734 servari
1135 1671 1270 1733 nonnisi
1285 1682 1398 1754 equoet

243 1776 338 1839 armis
365 1787 396 1838 et
421 1775 553 1856 virtute)
571 1780 608 1850 1,
628 1779 680 1836 21.
712 1775 834 1837 Eodem
858 1776 952 1837 modo
975 1775 1115 1838 comice:
1141 1774 1254 1858 yyllcr
1273 1799 1296 1859 y
1315 1775 1398 1839 weles

243 1884 362 1963 (potest
377 1879 488 1961 videri)
500 1879 535 1941 in
550 1901 645 1961 supra
659 1888 832 1941 memorato
848 1878 1002 1962 exemplo.
1027 1878 1198 1941 Invenitur
1212 1878 1324 1942 similis
1335 1901 1397 1942 con·

243 1985 376 2049 structio
396 1984 483 2048 verbi
497 1985 615 2047 eambr.
632 2005 751 2068 mynnu
768 1983 893 2065 (velle):
917 2004 953 2045 or
967 1982 1095 2066 mynnir
1108 2005 1148 2067 oy
1163 1993 1265 2067 nyuot
1279 1984 1320 2065 (si
1332 1984 1399 2047 libet

243 2088 344 2152 veniri
364 2112 383 2152 a
404 2110 465 2165 me,
484 2088 512 2150 si
532 2089 647 2171 placet,
665 2087 788 2164 volunt,
806 2109 857 2150 me
877 2087 998 2169 venire)
1014 2088 1102 2150 Mab.
1124 2093 1153 2163 l,
1173 2092 1249 2151 250.
1273 2112 1295 2173 y
1305 2110 1397 2172 pre-ry

243 2193 421 2278 mynnaseit
432 2214 474 2277 cy
486 2192 559 2255 rodi
568 2191 582 2255 1
591 2191 675 2255 idow
688 2191 750 2272 (vir
760 2191 813 2254 cui
824 2191 893 2255 dari
903 2214 954 2255 mc
966 2192 1162 2274 voluenmt),
1176 2214 1255 2256 mox
1266 2192 1397 2276 suprain

244 2297 412 2383 praeterito
444 2296 640 2361 secundario.
683 2297 769 2360 Sunt
794 2295 891 2359 etiam
916 2296 1123 2359 conserendae
1149 2317 1226 2359 eum
1251 2296 1396 2359 infinitivo

244 2412 443 2465 constructae
466 2402 583 2464 sennua
604 2400 748 2483 passivae
762 2402 929 2464 verborum
943 2401 1148 2464 auxiliarium
1159 2400 1393 2485 qwnaetdptcyt,

241 2514 435 2592 qorzcepwyl,
454 2527 588 2587 quorum
603 2506 748 2588 exempla
762 2506 846 2569 infra
860 2505 943 2567 inter
958 2506 1104 2569 anomala
1119 2517 1305 2589 sequentur.

329 2611 381 2671 Ad
396 2608 640 2691 significandum
661 2610 866 2694 praeteritum
888 2610 1016 2672 additur
1036 2609 1194 2692 particula
1215 2633 1275 2696 ry.-
1298 2611 1392 2696 quedl

245 2737 360 2800 ryyssu
383 2735 419 2776 or
438 2713 598 2795 pteortlrcc
620 2736 658 2776 eu
680 2714 746 2776 bric
769 2718 949 2798 (postquam
971 2725 1063 2777 crant
1084 2715 1201 2777 comesi
1223 2716 1391 2799 palmitesa

245 2822 381 2905 pecore),
393 2820 504 2901 qeocdy
520 2840 635 2901 ryussu
650 2839 686 2880 or
701 2819 846 2901 dynceoyt
861 2821 1043 2902 (postquam
1058 2829 1125 2881 erat
1143 2842 1305 2884 comesum
1323 2844 1341 2882 a
1359 2818 1390 2880 vi-

246 2925 333 3000 tulis,
352 2926 505 3003 stramen)
522 2923 609 2985 Mab.
630 2926 665 2998 2,
685 2929 757 2983 373.
777 2929 849 2984 374.
872 2926 983 3007 qwedy
1006 2946 1143 3008 tpqyecu
1164 2924 1297 2990 chosow
1311 2929 1390 3009 (poet-

246 3051 342 3111 quam
357 3027 528 3092 dormitum
543 3038 609 3090 crat
624 3029 664 3090 ab
679 3030 730 3107 co)
747 3032 777 3104 2,
798 3031 870 3089 392.

705 3265 949 3348 Participia.

334 3451 418 3512 Sunt
438 3449 555 3511 fonnac
575 3450 771 3513 britannicae
785 3450 929 3534 propriae
946 3461 1071 3513 tantum
1085 3451 1327 3536 participiorum
1340 3472 1394 3537 pos·

248 3554 317 3629 sivi,
336 3564 372 3615 ut
391 3552 581 3627 hibernicae,
599 3555 759 3634 praeteriti
774 3555 892 3617 scilicet
908 3566 939 3617 et
955 3555 1064 3617 futuri.
1098 3557 1140 3618 In
1155 3558 1262 3621 activo
1276 3557 1396 3642 peculia·

247 3659 290 3721 ris
312 3659 411 3720 formo
429 3656 587 3741 participii
602 3659 731 3722 omnino
745 3682 810 3721 non
826 3659 988 3721 invenitur
1003 3671 1034 3722 ct
1048 3661 1135 3742 quod
1149 3661 1347 3746 frequentius
1360 3682 1397 3723 oe

248 3763 347 3826 currit
378 3761 581 3845 participium
614 3763 787 3844 praesentis
821 3763 916 3826 activi
942 3763 1230 3830 circumscribendo
1256 3768 1399 3830 indicatur

249 3872 295 3952 (p.
316 3872 402 3947 522).

334 3971 498 4055 Participii
524 3972 683 4056 praeteriti
709 3973 827 4056 passivi
852 3976 951 4037 forma
977 3974 1133 4037 cambrica
1159 3987 1288 4039 vetusta
1313 3973 1401 4039 ETIC

249 4076 370 4156 (addita
392 4078 431 4138 ad
455 4087 544 4138 term.
562 4087 615 4153 ·et‚
635 4100 714 4158 quae
736 4078 855 4141 sufficit
874 4078 984 4142 ceteris
1006 4079 1161 4155 dialectis,
1180 4082 1321 4163 amplius
1335 4078 1402 4143 deri·

248 4181 375 4243 vatione
398 4181 471 4260 -ic):
497 4181 629 4244 dometio
645 4181 702 4262 (gl.
720 4183 885 4263 domitus),
905 4182 1012 4246 tinctio
1026 4183 1083 4265 (gl.
1103 4184 1259 4267 tinctus),
1278 4186 1402 4271 malque-

248 4286 326 4349 rete'c
353 4285 411 4368 (gl.
434 4286 615 4367 deceptus),
641 4285 902 4369 depuolouichetic
923 4288 980 4369 (gl.
1003 4289 1163 4370 proditus)
1185 4290 1271 4354 inter
1296 4292 1404 4375 glossas

249 4391 354 4454 Oxon.
379 4390 582 4454 haieeruetic
597 4390 654 4473 (gl.
673 4391 872 4475 semigilatis)
880 4440 890 4469 ,
915 4393 1075 4456 dodocctic
1089 4394 1148 4477 (gl.
1167 4394 1319 4477 inlatam)
1334 4396 1405 4459 inter
