2896 4980
139 331 181 391 92
389 329 418 390 Ι.
447 335 475 389 1.
506 347 675 392 consonae
689 348 846 391 carnosa
859 342 1054 390 ssrrnsrsa.

141 498 262 566 Quidni
286 498 319 559 in
341 506 429 559 tanta
449 495 660 578 gutturalium
681 495 886 558 exuberantia
909 494 1005 557 etiam
1025 494 1201 576 aspiratam
1222 498 1309 583 ordi·

140 604 190 665 nis
212 601 381 685 gutturalis
404 623 526 663 servare
547 600 722 683 potuisset?
767 600 916 683 Aspirata
937 599 1015 661 haec
1037 599 1076 661 eh
1098 599 1135 660 in
1157 599 1307 664 inferiore

140 730 198 770 sua
219 706 388 770 infectione
409 728 426 769 e
444 706 557 788 juncta
579 716 628 768 est
650 705 739 768 tenui
761 706 799 780 k,
824 705 915 787 cujus
938 702 1068 766 infectio
1082 703 1216 766 inferior
1229 704 1298 766 item

139 824 187 875 est
201 836 228 875 e.
260 812 441 893 Aspiratam
463 811 612 873 slavicam
634 811 670 873 in
690 811 834 894 pluribus
857 821 940 871 certe
962 809 1092 872 vocibus
1114 820 1218 872 ortam
1237 827 1293 871 esse

140 916 386 998 transgressione
408 938 426 979 e
445 917 546 998 gradu
570 915 714 978 tenuium
734 914 868 998 pristino
884 915 995 976 eodem
1009 916 1104 977 modo
1120 924 1158 976 ut
1173 923 1241 977 orta
1253 920 1290 976 est

138 1022 160 1083 Ιι
171 1021 205 1083 in
216 1021 343 1103 gothica
358 1021 479 1103 lingua,
498 1021 606 1102 negari
622 1042 687 1083 non
701 1021 833 1103 poterit;
852 1040 880 1080 e.
894 1041 942 1100 gr.
957 1018 1070 1098 debeb,
1088 1019 1195 1101 panis,
1212 1017 1285 1102 goth.

139 1127 243 1189 hlaibs
259 1127 363 1208 (radix
378 1126 547 1208 originaria
561 1125 699 1209 hlefi),
725 1124 838 1186 ehwila
854 1126 966 1205 (germ.
985 1123 1095 1199 hwile,
1114 1125 1230 1207 weila).
1256 1123 1288 1185 lu

139 1231 314 1293 lithuanica
328 1231 439 1313 lingua
455 1231 550 1312 hujus
566 1228 818 1312 transpositionis
834 1228 969 1291 slavicae
983 1241 1113 1311 experte
1134 1229 1290 1312 respondet

139 1336 160 1397 k
175 1336 241 1398 sive
255 1348 324 1399 orta
337 1357 377 1398 ex
392 1357 429 1397 ea
443 1358 487 1410 ez,
505 1357 556 1397 aa:
573 1334 668 1396 elren
685 1333 895 1414 (armoracia),
913 1333 962 1395 lit.
980 1333 1119 1407 arenae·
1137 1334 1233 1409 chlm,
1249 1332 1289 1394 lit.

138 1438 264 1515 kalares,
282 1440 351 1502 lett.
369 1439 474 1513 kalne,
492 1439 547 1501 lat.
566 1439 676 1511 codis,-
700 1439 807 1500 clarem
821 1471 864 1490 =
878 1438 934 1499 lat.
953 1439 1097 1514 claudus,
1116 1440 1189 1502 lett.
1207 1438 1291 1514 elib,

138 1545 187 1605 lit.
205 1545 360 1619 szlabbas,
378 1544 517 1606 britann.
532 1544 609 1627 clos,
627 1543 715 1625 gotla
731 1543 802 1606 halt
815 1544 906 1624 (slav.
924 1554 994 1605 rut
1008 1543 1044 1605 in
1058 1544 1179 1620 erebro,
1201 1565 1292 1627 germ.

137 1647 264 1728 silber);
287 1647 395 1731 prieeh
413 1652 623 1729 (peccatum),
648 1647 697 1709 lit.
714 1669 817 1729 pruss.
833 1648 929 1731 yria·
960 1648 1088 1723 brocha,
1113 1647 1164 1711 lit.
1182 1649 1294 1724 blaseo,

138 1752 194 1813 lat.
206 1752 307 1832 palea
322 1754 378 1832 (=
393 1755 464 1832 ee),
482 1773 581 1834 germ.
589 1751 701 1835 stoeh,·
718 1753 821 1815 werel
837 1753 1043 1833 (summitas),
1062 1753 1111 1816 lit.
1130 1753 1297 1816 roireza.ll

138 1855 294 1918 contrario
305 1868 342 1919 ut
353 1856 469 1919 slavica
479 1856 616 1940 aspirata
628 1855 798 1919 infectione
810 1857 924 1920 transit
938 1857 973 1919 in
987 1878 1014 1932 a,
1031 1856 1100 1920 vioe
1114 1879 1207 1921 versa
1221 1857 1299 1941 aspi·

138 1970 206 2022 rata
220 1960 380 2024 interdurn
395 1961 490 2023 etiam
505 1983 544 2023 ex
559 1984 575 2023 e
589 1983 753 2045 progressa
767 1962 910 2044 putanda
924 1962 995 2039 erit,
1012 1984 1041 2025 e.
1055 1985 1104 2046 gr.
1123 1963 1158 2025 in
1173 1963 1299 2026 vocibus

138 2064 237 2140 otrih,
255 2066 379 2130 edrebet
393 2069 546 2146 (dorsum,
559 2066 701 2148 jugum),
727 2066 850 2128 hibern.
868 2078 931 2128 vet.
949 2067 1031 2130 eliab
1047 2070 1185 2149 (mons);
1205 2067 1299 2150 pjeeh

138 2172 218 2252 (pes,
244 2193 324 2252 quae
339 2172 437 2234 forma
452 2173 660 2254 supponenda
674 2193 691 2232 e
707 2172 816 2252 pjese,
841 2173 948 2254 pedes,
970 2173 1132 2254 py‘eehota,
1150 2174 1297 2255 pedites),

138 2272 260 2335 hibern.
279 2297 340 2350 coe,
358 2299 424 2338 cose
440 2276 577 2356 (hibern.
596 2299 670 2337 e=
677 2279 719 2358 p)
729 2300 737 2349 ;
763 2276 862 2351 m’elr,
887 2277 993 2352 mecla,
1018 2278 1108 2340 moola
1130 2281 1298 2361 (muscus),

136 2398 235 2458 germ.
261 2400 337 2454 mos,
361 2401 465 2454 moos;
493 2381 582 2443 slach
599 2381 751 2460 (audituS,
776 2381 885 2463 fama),
910 2381 1034 2443 hibern.
1052 2394 1116 2445 vet.
1134 2384 1245 2457 ἀπίω
1268 2382 1301 2446 in

138 2481 411 2546 terminationibus
426 2484 587 2567 praeteriti
602 2487 769 2546 verborum
791 2486 882 2561 -aclr,
909 2486 1051 2562 -eehom,
1077 2488 1193 2564 -aehu,
1219 2488 1298 2564 -oel,

138 2585 257 2647 -oelrom
273 2598 347 2662 eto,
371 2609 452 2669 quae
466 2590 658 2670 respondent
674 2589 843 2651 hibernicis
859 2600 891 2651 ct
905 2590 1092 2654 britannicis
1108 2614 1170 2669 -as,
1198 2614 1301 2656 -esam

137 2700 197 2750 ete.
215 2690 332 2771 potius,
357 2714 452 2774 quam
467 2693 586 2774 graeds
602 2693 636 2754 in
652 2717 747 2778 -ηκα,
774 2705 869 2777 atque
884 2695 919 2756 in
936 2695 1158 2759 terminatione
1175 2697 1301 2760 locativi

136 2792 268 2874 pluralis
285 2797 375 2872 -ach,
394 2798 499 2877 jael,
518 2799 604 2874 -eclt,
623 2800 724 2880 jeeh,
743 2821 824 2882 quae
838 2799 948 2882 procul
963 2799 1060 2862 dubio
1075 2802 1188 2865 eadem
1203 2814 1301 2865 estas

137 2896 240 2960 indica
257 2922 344 2976 -aeu,
369 2924 430 2964 -sze

222 3005 250 3065 E
271 3005 363 3069 dictis
386 3008 463 3090 quid
484 3031 558 3091 ergo
581 3008 775 3072 statuemus?
813 3008 970 3071 Slavicam
992 3010 1163 3093 aspiratam
1185 3011 1301 3092 partim

136 3107 264 3189 quidem
278 3111 431 3192 prodiisse
446 3134 463 3173 e
479 3113 567 3176 tenui
582 3114 756 3196 gutturali,
780 3113 896 3195 partim
912 3135 951 3175 ex
966 3136 1002 3187 s,·
1032 3116 1088 3177 sed
1103 3115 1218 3197 quidni
1232 3137 1301 3200 par·

138 3212 195 3274 tim
210 3214 323 3290 etiam,
348 3238 405 3298 pro
420 3229 508 3300 parte
524 3219 629 3280 forsan
644 3218 772 3300 majore,
799 3218 957 3279 residuam
973 3239 1040 3280 esse
1055 3241 1095 3280 ex
1110 3219 1301 3303 primigenia

136 3317 273 3399 aspirata
299 3322 350 3399 (ut
376 3321 410 3382 in
436 3323 540 3384 chmel
561 3355 605 3374 =
630 3323 811 3403 humulus),
849 3344 929 3404 quae
958 3322 1073 3385 amissa
1103 3335 1300 3407 transgressu

136 3420 171 3481 in
192 3421 329 3484 mediam
350 3447 371 3505 9
395 3427 437 3504 (e.
462 3448 510 3508 gr.
532 3436 620 3509 poet,
642 3428 729 3509 prad
749 3437 809 3487 etc.
835 3426 977 3488 refecerit
999 3426 1189 3509 recipiendis
1211 3427 1300 3491 novis

136 3525 286 3587 advenis?
330 3528 358 3588 E
381 3531 491 3592 ceteris
513 3531 658 3613 aspiratis
680 3530 843 3612 neglectis,
874 3531 900 3591 si
922 3552 988 3593 non
1011 3544 1087 3593 sunt
1110 3534 1297 3608 destructae,

137 3648 227 3689 voees
250 3638 375 3711 quoque
390 3630 424 3691 in
444 3631 526 3693 hanc
545 3633 716 3716 aspiratam
736 3634 880 3716 inprimis
900 3637 1079 3699 adamatam
1094 3637 1300 3721 transpositas

136 3753 214 3807 esse,
232 3735 312 3795 bene
327 3738 526 3798 concedetur.

223 3840 313 3904 Quae
329 3841 457 3921 quidem
473 3844 674 3926 transpositio
689 3844 723 3906 in
738 3844 849 3926 lingua
868 3845 968 3907 latina
976 3893 985 3921 ,
1012 3868 1092 3927 quae
1107 3867 1173 3908 non
1188 3857 1228 3907 ut
1242 3844 1300 3907 lin·

136 3964 199 4024 gua
213 3964 325 4025 graeca
339 3966 448 4008 omnes
465 3958 527 4010 tres
542 3948 694 4031 aspiratas
710 3950 835 4031 aequali
846 3972 951 4011 amore
964 3949 1119 4026 tractavit,
1138 3949 1301 4012 sedetiam

137 4068 244 4123 unam,
260 4048 294 4131 f
302 4049 432 4126 seilicet,
449 4054 601 4135 praetulit
616 4066 797 4136 ceterasque
812 4054 964 4136 neglexit,
983 4066 1091 4136 aperta
1106 4064 1165 4116 est.
1198 4055 1301 4116 Voces

137 4173 165 4213 e.
182 4173 230 4233 gr.
240 4153 333 4236 fera,
350 4154 475 4237 ferveo,
493 4158 588 4242 fores
610 4181 650 4222 ex
672 4158 809 4241 aspirata
831 4158 951 4220 dentali
968 4157 1177 4240 transpositae
1192 4160 1300 4242 depre-

137 4255 333 4334 henduntur,
358 4259 385 4321 si
407 4261 613 4325 conferuntur
632 4284 762 4345 graecae
785 4257 868 4347 θὴρ,
891 4259 1000 4345 θέρω,
1024 4258 1124 4347 θύρα.
1155 4264 1230 4326 Vox
1251 4284 1299 4345 gr.

138 4349 247 4444 οὖθαρ
262 4361 361 4425 latine
375 4363 458 4427 faeta
472 4377 520 4428 est
534 4370 620 4442 uber,
646 4368 670 4428 d
689 4366 723 4427 in
744 4366 848 4428 media
867 4388 941 4428 voce
964 4379 1158 4448 transgressa
1173 4367 1209 4430 in
1224 4388 1301 4430 eun·
