2896 4980
543 373 740 420 essrrrrro.
1145 360 1233 418 XXV

59 553 188 599 narum
218 528 361 598 lateant
394 526 537 598 codices
565 528 796 600 continentes
825 528 987 600 carmina
1018 528 1231 600 hibernica‘.l

58 649 111 719 lle
122 647 313 720 industria
319 647 481 719 Mariani
496 646 535 718 in
548 647 747 719 scribendis
756 647 860 719 libris
873 657 1000 720 auctor
1012 649 1123 721 Vitae
1136 647 1227 743 ejus,

57 767 251 838 Hibernus
264 767 389 850 etiam,
412 766 614 838 monachus
627 765 915 849 Ratisbonensis‚
938 767 1003 859 qui
1021 767 1129 861 plura
1148 789 1232 837 nar-

56 895 120 969 rat,
143 895 191 957 ut
208 887 290 980 ipse
308 884 416 967 dicit,
436 888 574 980 “prout
586 884 679 956 mihi
691 893 796 979 pater
807 885 923 968 Isaac,
945 886 1010 978 qui
1029 895 1177 958 centum
1194 894 1232 957 et

57 1005 190 1100 siginti
205 1003 313 1075 annis
328 1004 481 1087 viserat,
500 1005 579 1100 ejus
596 1013 934 1097 contemporaneus,
954 1005 1070 1096 etqui
1086 1006 1154 1076 sub
1166 1028 1232 1075 sua

58 1125 260 1195 directione
290 1132 327 1194 et
349 1124 560 1195 obedientia
583 1125 752 1218 degebat,
780 1148 888 1218 saepe
901 1123 1117 1207 reserebat'’‚
1141 1123 1232 1194 haec

59 1243 144 1313 dicit
166 1241 278 1336 (Boll.
297 1244 406 1314 Febr.
430 1243 465 1325 2,
486 1242 593 1336 367);
613 1244 630 1261 “
643 1243 801 1312 Tantam
814 1243 998 1314 scribendi
1016 1242 1172 1338 gratiam
1184 1241 1228 1312 B.

59 1361 230 1431 Mariano
244 1360 371 1431 divina
388 1359 618 1454 providentia
637 1360 806 1445 contulit,
835 1365 934 1454 quod
951 1362 1070 1433 multa
1087 1386 1129 1431 ac
1147 1383 1232 1454 pro-

59 1479 129 1549 lixa
148 1478 344 1550 volumina
357 1479 473 1552 veloci
486 1479 626 1550 calamo
639 1480 901 1574 perscripserit.
940 1481 1049 1563 Nam,
1073 1491 1116 1552 ut
1130 1501 1233 1550 vera-

60 1600 145 1670 citer
164 1600 289 1669 dicam
308 1599 387 1669 sine
404 1599 505 1670 omni
523 1597 608 1669 suco
625 1600 836 1682 verborum,
859 1600 955 1671 inter
972 1600 1096 1671 omnia
1113 1608 1228 1695 gesta,

61 1741 151 1808 quae
173 1717 304 1787 divina
327 1717 574 1789 misericordia
591 1741 657 1811 per
680 1719 839 1790 eundem
864 1720 983 1791 virum
1010 1718 1153 1812 operari
1177 1717 1233 1788 di-

61 1847 170 1929 gnata
183 1846 252 1918 est,
264 1837 381 1930 magis
393 1837 503 1909 laude
516 1847 554 1908 et
566 1836 807 1908 admiratione
814 1837 969 1931 dignum
977 1838 1104 1934 judico
1119 1846 1156 1908 et
1169 1838 1234 1906 ad-

61 1957 195 2026 mirans
211 1957 384 2037 admiror,
401 1958 500 2047 quod
518 1956 617 2027 idem
632 1956 742 2027 homo
757 1965 903 2028 sanctus
918 1968 1023 2029 vetus
1040 1967 1078 2029 et
1095 1980 1232 2027 novum

61 2084 339 2157 testamentum,
383 2100 466 2146 cum
493 2075 763 2146 commentariis
789 2076 1020 2168 expositoriis
1046 2075 1232 2146 codicibus

59 2197 263 2266 eorundem
280 2193 476 2276 librorum,
505 2217 580 2265 non
598 2193 711 2265 semel
728 2217 796 2264 nec
813 2194 871 2265 bis
889 2195 951 2264 sed
971 2216 1233 2287 saepenumero

58 2325 209 2386 aeterna
226 2336 293 2406 pro
311 2315 477 2384 mercede
494 2314 534 2386 in
553 2312 656 2385 tenui
679 2312 811 2384 habitu
829 2321 867 2385 et
883 2313 1011 2384 subtili
1029 2313 1129 2384 victu
1148 2335 1233 2381 cum

57 2431 216 2526 propriis
234 2429 409 2503 fratribus
424 2433 511 2515 suis,
535 2432 601 2524 qui
618 2455 841 2526 pergamena
853 2434 1045 2526 parabant,
1068 2431 1229 2527 adjutus,

57 2550 209 2644 propria
226 2575 340 2621 manu
357 2552 580 2646 perscripsit.
627 2553 767 2624 Eodem
790 2576 937 2646 quoque
957 2561 1119 2645 tempore
1137 2549 1235 2621 mul-

57 2678 113 2740 tos
130 2669 280 2740 libellos
302 2670 492 2763 multaque
520 2671 707 2744 manualia
723 2671 896 2764 psalteria
918 2671 1040 2743 viduis
1062 2670 1233 2764 indigen-

57 2788 161 2859 tibus
178 2813 222 2858 ac
240 2788 381 2860 clericis
397 2791 622 2884 pauperibus
640 2791 803 2886 ejusdem
819 2791 977 2863 civitatis
991 2814 1057 2893 pro
1070 2789 1232 2861 remedio

57 2909 206 2978 animae
225 2931 312 2980 suae
330 2909 409 2981 sine
426 2910 504 2981 ulla
520 2934 584 3004 spe
603 2909 737 2982 terreni
755 2920 929 3001 quaestus
948 2909 1228 3001 scriptitaverat.

56 3027 257 3098 Praeterea
281 3027 420 3099 multae
442 3029 829 3125 congregationes
862 3027 1054 3098 monastici
1078 3025 1227 3104 ordinis,

56 3169 156 3237 quae
180 3146 253 3217 fide
277 3157 316 3218 et
342 3148 493 3220 caritate
511 3173 553 3219 ac
571 3147 777 3220 imitatione
796 3148 840 3217 B.
864 3145 1023 3216 Mariani
1050 3144 1234 3215 deriva-

57 3273 131 3335 tae
164 3266 215 3335 de
246 3262 425 3336 sinibus
455 3267 712 3339 Hiberniae
745 3265 992 3337 Bavariam
1025 3272 1069 3334 et
1092 3265 1232 3334 Fran-

57 3382 243 3454 coniam
276 3385 621 3479 peregrinando
655 3386 951 3466 inhabitant,
986 3408 1040 3455 ex
1065 3381 1232 3478 majori

55 3513 194 3596 parte
213 3503 409 3597 scriptis
428 3505 472 3576 B.
491 3504 698 3577 Mariani
715 3502 1021 3576 fulciuntur.”
1050 3502 1233 3573 Eumnon

55 3621 179 3692 solum
208 3621 268 3693 die
292 3625 355 3694 sed
380 3623 492 3695 etiam
524 3632 631 3695 nocte
654 3624 767 3695 libros
793 3648 876 3694 suos
900 3623 1057 3694 scribere
1084 3622 1232 3693 solitum

56 3738 185 3819 fuisse,
214 3748 288 3811 tam
307 3741 446 3837 glossae
464 3742 683 3838 marginales
708 3743 919 3815 hibernicae
938 3741 1072 3812 codicis
1091 3741 1234 3812 Vindo

56 3856 234 3928 bonensis
252 3859 434 3944 indicant,
465 3885 577 3953 quam
595 3872 722 3933 auctor
740 3862 851 3934 Vitae
868 3864 914 3932 de
932 3862 1001 3931 hac
1020 3884 1058 3932 re
1076 3859 1234 3929 miracu-

55 3976 137 4048 lum
156 3976 362 4050 lucentium
375 3980 574 4074 digitorum
594 4005 745 4051 narrans
759 3981 893 4051 diserte
912 3980 1079 4049 affirmat.
1111 3975 1232 4045 Socio-

56 4121 140 4167 rum
156 4098 238 4191 ejus
253 4122 359 4180 unus,
384 4098 565 4182 Clemens,
592 4100 878 4195 “lerosolymam
897 4095 1058 4194 perrexit
1078 4093 1234 4164 ibidem-

56 4240 131 4308 que
150 4216 267 4286 vitam
284 4217 324 4288 in
342 4242 432 4311 pace
450 4219 606 4300 finivit'',
630 4219 722 4290 alter
733 4221 757 4289 J
759 4222 922 4291 ohannes
938 4218 1004 4287 “B.
1023 4212 1233 4284 Marianum

57 4358 236 4427 carosque
264 4335 490 4430 propinquos
525 4346 694 4409 aeternae
729 4337 826 4410 vitae
858 4334 1037 4408 desiderio
1065 4334 1234 4405 deserens

58 4454 296 4527 Cottovicum
322 4455 421 4548 (hod.
443 4456 666 4554 thtweich)
693 4456 845 4531 intravit
865 4455 906 4528 in
923 4454 1087 4537 Austris,
1117 4478 1160 4524 ac
1177 4476 1235 4523 ar«
