2896 4980
138 105 199 168 128
438 103 466 164 Ι.
495 109 523 164 1.
569 120 738 166 consonas
755 120 991 165 nnmsnnrcnn.

136 273 208 336 viva
216 321 226 350 ,
244 272 389 336 homines
408 272 518 353 fortes)
535 277 592 347 64,
612 274 642 333 2.
658 270 740 333 beroe
755 270 888 352 (vivere)
905 273 984 347 294,
1005 276 1035 333 1.
1055 275 1131 347 267,
1150 273 1180 333 2.
1196 290 1277 336 osee

133 380 196 466 9116
217 378 323 461 (vivit)
341 381 398 455 72,
418 382 448 440 2.
474 378 615 452 baanae,
641 377 786 440 bewrtm
802 374 896 458 (vita)
916 380 973 453 12,
992 381 1024 439 2.
1043 383 1105 454 73,
1124 381 1154 440 2.
1174 383 1272 455 193,1.

138 490 260 563 141,1.
346 528 349 534 .

221 588 432 653 Armorica
461 589 510 651 IU
538 586 661 651 obtinet
691 589 787 650 etiam
817 586 987 651 adhuc·in
1016 609 1094 650 voce
1120 586 1272 672 perimit

137 698 268 778 (cambr.
290 694 400 778 qwiw,
420 693 543 756 hibern.
562 705 624 756 vet.
640 695 714 777 fia)
730 693 822 756 obvia
841 693 876 755 in
895 693 1081 756 nominibus
1101 694 1271 756 virorunar·

136 801 261 865 moricis
283 800 383 863 chart.
402 799 570 862 Rhcdon.:
603 799 795 862 Wiubamal
806 799 891 861 Mor.
911 804 984 860 266.
1005 799 1040 862 in
1062 800 1154 863 domo
1175 799 1272 864 Van

136 906 235 969 mccli
254 907 337 968 Mor.
357 910 430 967 271.
460 904 654 967 Wiultoiarn
675 906 758 967 Mor.
779 909 851 966 273.
883 904 1110 969 Viwltoaizrnus
1125 908 1205 969 Mor.
1219 910 1270 966 265.

143 1011 339 1086 Wt'omarch,
358 1009 574 1073 Wubomarch
583 1012 665 1073 Mor.
678 1015 750 1072 275.
763 1014 835 1072 293.
851 1010 1136 1091 Guitomarct(=
1146 1010 1271 1096 9161446,

135 1117 285 1200 φαίη-66,
303 1138 333 1177 a.
356 1119 450 1196 1029)
465 1115 501 1177 in
516 1115 616 1177 chart.
636 1116 840 1199 Kcmperleg.
861 1118 944 1180 Mor.
965 1123 1038 1178 366.
1057 1123 1133 1179 456.
1151 1114 1273 1181 Arctos

137 1222 173 1283 in
195 1222 300 1284 Rhed.
321 1224 357 1296 2,
378 1228 429 1282 31.
459 1220 621 1283 Tanetwiu
640 1229 673 1297 1,
694 1228 731 1298 6,
756 1221 900 1304 aliisque.
933 1223 1054 1284 Forsan
1080 1233 1114 1285 et
1138 1221 1173 1284 in
1196 1221 1271 1284 subst

138 1325 239 1409 liufre
261 1327 317 1405 (=
332 1325 408 1407 gall.
426 1325 501 1387 hod.
521 1325 635 1399 66νὸ6,
659 1348 819 1410 compos,
843 1338 882 1390 ut
903 1326 1046 1403 videtur,
1073 1347 1091 1388 6
1114 1325 1178 1404 lia,
1202 1324 1272 1398 color,

138 1442 175 1493 nt
190 1430 324 1514 hunfre,
342 1431 513 1508 somnium,
530 1431 616 1493 Buh.
635 1439 686 1507 30,
708 1438 744 1493 10
762 1454 801 1495 ex
816 1432 893 1508 hun,
912 1435 1056 1513 somnus)
1073 1430 1161 1494 Buh.
1181 1435 1272 1507 1941.
1329 1478 1333 1501 ,

138 1536 212 1619 Adj.
231 1536 285 1599 tiu
299 1535 335 1598 in
350 1546 534 1619 sequentem
549 1537 662 1599 seriem
677 1536 813 1600 transiit.
1330 1518 1333 1601 i

222 1641 386 1704 Armorica
401 1643 479 1718 EU,
497 1663 554 1725 pro
577 1665 640 1724 qua
661 1653 694 1705 et
709 1644 784 1706 EO:
811 1643 864 1705 beo
880 1642 999 1727 (vivus)
1015 1643 1102 1706 Buh.
1121 1647 1158 1720 2,
1178 1652 1223 1705 11.
1237 1644 1277 1715 32,
1331 1640 1333 1649 ’

129 1755 190 1810 11.
210 1754 262 1823 96,
282 1752 334 1808 26.
355 1753 426 1824 184,
448 1753 497 1823 11,
516 1748 550 1810 in
566 1747 749 1810 nominibus
764 1748 945 1832 compositis
959 1747 1140 1811 armoricis:
1158 1746 1282 1832 Aelb'fett

138 1854 238 1916 chart.
257 1853 405 1916 Rhodon.
427 1861 455 1930 1,
476 1862 505 1916 7.
529 1854 677 1917 Artltueu
695 1860 730 1930 1,
750 1860 779 1916 3.
799 1861 851 1916 41.
882 1854 1039 1930 Uheloea,
1069 1853 1185 1917 Oolveu
1199 1854 1282 1916 chart.

139 1958 343 2043 Kempcrleg.
368 1960 450 2021 Mor.
470 1966 543 2021 456.
567 1966 645 2035 513,
665 1959 771 2022 forsan
785 1959 889 2022 adhuc
912 1960 966 2023 tiu
986 1958 1022 2021 in
1044 1959 1134 2035 aliis,
1159 1956 1288 2024 Antea

137 2064 238 2128 chart.
256 2063 362 2126 Rhed.
384 2071 412 2139 1,
434 2072 462 2125 7.
482 2070 534 2126 29.
552 2064 684 2141 Amin,
702 2063 825 2128 Rinviu
840 2063 917 2126 ibid.
939 2071 968 2141 1,
988 2070 1022 2124 11
1029 2112 1039 2141 ,
1059 2063 1124 2126 nisi
1139 2064 1174 2128 in
1188 2064 1236 2128 his
1248 2071 1291 2126 est

137 2171 244 2253 potius
260 2168 488 2252 supradictum
503 2170 577 2245 wr'a,
592 2170 696 2252 peoiw.
721 2171 818 2234 Verb.
834 2171 937 2254 bertas
946 2170 1079 2251 (vivam)
1094 2170 1130 2233 in
1144 2170 1229 2233 Bnh.
1242 2174 1289 2245 28,

141 2283 191 2336 15.
210 2282 270 2350 44,
291 2283 319 2336 7.
346 2274 422 2355 pleat
448 2274 481 2335 in
507 2275 691 2337 nominibus
717 2274 873 2337 virorum:
903 2276 985 2339 Glea
1007 2275 1108 2339 chart.
1133 2274 1291 2360 Kemperl.

138 2381 222 2441 Mor.
239 2383 312 2440 432.
335 2379 525 2455 Gleudanet,
548 2379 756 2443 Gleucunnan
772 2380 848 2443 ibid.
868 2382 950 2444 Mor.
967 2387 1040 2442 431.
1055 2388 1130 2444 456.
1152 2379 1296 2445 Gkam’s

137 2484 238 2547 chart.
256 2484 361 2546 Rhed.
384 2491 415 2560 l,
436 2490 465 2545 6.
495 2484 695 2559 Gleudalan,
726 2485 1201 2560 &daemonstrandum
1221 2485 1294 2549 ibid.

138 2592 221 2654 Mor.
242 2597 315 2652 397.
335 2594 407 2651 342.
441 2589 585 2653 Pertinet
603 2589 667 2653 huc
688 2590 832 2654 hodiem.
851 2591 926 2669 lew,
952 2591 1021 2668 lea,
1048 2592 1095 2655 leo
1116 2594 1175 2673 (=
1196 2591 1292 2675 leupo,

136 2697 211 2780 gall.
229 2697 373 2760 hodiem.
393 2695 500 2778 dieue).

560 3013 598 3072 B.
645 3011 872 3074 Consonae.

224 3215 390 3277 Consonae
410 3213 607 3279 britannicae
627 3216 807 3280 vetustioris
826 3215 954 3280 dialecti
968 3216 1088 3299 optimc
1102 3218 1235 3293 docent,
1251 3215 1299 3277 in·

138 3317 305 3382 sectionem
328 3339 415 3393 eam,
434 3341 498 3401 qua
519 3342 672 3385 consonas
696 3321 873 3384 hibernicas
895 3322 930 3384 in
951 3325 1030 3385 duas
1052 3322 1164 3399 series,
1190 3321 1300 3385 seriem

137 3425 250 3486 duram
272 3434 304 3485 et
318 3423 465 3500 mollem,
483 3426 618 3509 dispesci
637 3449 734 3510 supra
755 3429 1005 3491 demonstratum
1020 3438 1087 3504 est,
1112 3449 1181 3491 esse
1195 3449 1299 3491 recen·

138 3528 226 3592 tioris
238 3527 380 3611 originis,
391 3551 494 3613 neque
506 3531 663 3595 exstitisse
675 3533 709 3595 in
721 3533 824 3615 prisea
836 3533 947 3615 lingua
958 3533 1080 3596 celtica.
1102 3534 1163 3596 Est
1174 3534 1301 3618 quidem

137 3647 170 3698 et
191 3633 319 3697 infectio
339 3656 550 3699 consonarum
570 3637 837 3712 britannicarum,
861 3660 941 3721 quae
960 3640 999 3701 fit
1013 3661 1042 3701 6.
1059 3661 1108 3721 gr.
1132 3639 1302 3723 aspirando

137 3763 189 3804 eas
204 3763 285 3824 quae
301 3751 378 3803 sunt
392 3742 470 3805 alias
486 3754 614 3819 tenues,
632 3746 687 3806 sed
702 3745 803 3806 multo
818 3745 925 3806 minus
941 3744 1003 3807 late
1017 3753 1123 3825 patet,
1141 3765 1240 3829 quam
1252 3745 1302 3806 in·

137 3845 230 3909 sectio
253 3846 433 3923 hibernica,
457 3870 498 3911 ne.
521 3849 667 3911 tenuium
688 3849 817 3932 quidem
839 3850 970 3912 classem
992 3870 1115 3932 semper
1134 3849 1298 3935 arripiens,

135 3952 255 4014 medias
270 3952 324 4014 vix
339 3963 489 4036 tangens,
507 3954 610 4017 multo
632 3954 739 4017 minus
754 3955 890 4039 liquidas
906 3966 938 4017 et
953 3955 1121 4038 spirantes.
1153 3952 1304 4039 Atquesi

136 4057 228 4120 obvia
243 4068 291 4120 est
306 4058 435 4122 infectio
451 4059 588 4142 aspirata
604 4059 709 4122 tenuis
724 4060 937 4137 britannicae,
956 4061 1039 4123 facta
1054 4061 1307 4144 deprehenditur

135 4162 223 4244 lege,
241 4185 321 4245 qnae
347 4164 464 4227 directe
490 4163 635 4248 opposita
656 4175 705 4226 est
723 4164 922 4242 hibernicae,
947 4148 1069 4230 scilicet
1088 4166 1123 4230 in
1145 4167 1308 4251 positione
