2896 4980
546 346 745 392 rasnrrrro.
1130 335 1236 393 xxx1

69 526 126 573 nec
139 501 341 572 Muratorii
358 500 558 595 specimine
575 525 644 573 nec
659 500 832 574 Vallarsii
853 500 929 594 (qui
947 501 1064 573 multa
1081 503 1237 596 pessime

66 622 162 719 legit)
199 632 345 693 textum
369 620 505 693 codicis
536 620 623 692 satis
653 630 821 692 accurate
856 620 1103 715 exprimente,
1142 624 1237 696 illud

64 741 260 813 Muratorii
279 741 397 813 multo
414 739 544 833 purius
560 739 762 832 plurimum
780 750 926 811 secutus
944 765 1039 812 sum.

162 860 341 932 Codicem
357 862 374 880 '‘
385 858 684 941 vetustissimum,
707 859 1025 950 antiquissimum'
1045 860 1135 933 dicit
1149 864 1237 935 Mu-

64 980 223 1052 ratorius
254 978 304 1072 (p.
327 981 415 1051 859.
443 979 552 1074 871),
588 1001 701 1070 quem
728 979 903 1050 describit
931 980 981 1051 A.
1009 980 1153 1074 Peyron
1183 982 1236 1054 ita

64 1102 104 1193 [p.
133 1099 245 1194 188):
280 1101 297 1115 ”
310 1100 615 1170 Membranaceus
632 1120 727 1169 saec.
749 1098 870 1184 VIII;
903 1099 1091 1170 character
1107 1100 1236 1196 longo-

64 1219 217 1300 bardus,
241 1241 325 1300 seu,
355 1217 411 1288 uti
428 1241 526 1300 reor,
550 1217 746 1289 saxonicus
763 1219 811 1288 ad
827 1242 1019 1290 romanum
1032 1217 1112 1312 jam
1130 1219 1238 1291 incli-

64 1363 173 1425 nuns;
197 1337 321 1409 folio.''
367 1338 435 1409 Est
451 1339 639 1410 character
656 1337 885 1420 hibernicus,
909 1347 951 1409 ut
968 1346 1055 1409 sunt
1071 1338 1236 1411 hiberni-

65 1481 120 1528 cae
138 1456 305 1553 glossae,
327 1481 423 1549 quae
443 1466 566 1528 tamen
584 1455 725 1527 calamo
742 1456 865 1529 minus
882 1481 975 1551 puro
992 1456 1051 1529 vel
1069 1467 1177 1531 acuto
1194 1458 1235 1531 in

65 1575 166 1647 initio
184 1576 308 1668 operis
322 1585 494 1648 exaratae
502 1586 600 1659 sunt,
618 1576 672 1648 ita
686 1584 728 1647 ut
741 1575 927 1648 interdum
945 1600 1053 1671 aegre
1066 1575 1142 1672 legi
1153 1602 1237 1671 pos-

65 1695 149 1777 sint,
178 1694 330 1787 puriore
354 1720 439 1768 vero
456 1695 642 1790 deinceps.
688 1695 827 1766 Omnes
854 1695 920 1766 has
937 1695 1074 1791 glossas
1091 1697 1237 1790 assequi

65 1837 125 1884 nec
144 1812 249 1884 volui
272 1814 466 1908 (quaedam
482 1815 623 1888 scilicet
639 1813 790 1885 minoris
809 1813 1028 1887 videbantur
1044 1818 1235 1914 momenti)

65 1955 126 2004 nec
143 1932 272 2026 potui,
295 1934 463 2025 quamvis
480 1932 583 2008 adfui
600 1933 657 2005 bis
674 1933 897 2017 Mediolani,
925 1942 968 2005 ut
985 1934 1123 2027 potirer
1139 1935 1236 2030 glos-

65 2075 182 2123 sarum
210 2052 318 2145 copia
339 2053 452 2125 etiam
481 2054 594 2149 hujus
616 2051 763 2125 codicis.
810 2049 929 2123 Adfui
951 2051 1053 2123 enim
1074 2052 1236 2126 infausto

64 2182 155 2242 astro
188 2178 269 2242 tam
296 2171 417 2264 prima
449 2171 548 2252 vice,
587 2196 672 2242 cum
701 2172 749 2243 ob
780 2193 1015 2265 congressum
1044 2173 1234 2244 doctorum

64 2289 194 2361 ltaliae
213 2289 375 2361 virorum
398 2290 625 2363 bibliotheca
647 2315 721 2363 non
739 2297 882 2384 pateret
901 2288 1155 2362 laborantibus
1172 2292 1236 2363 sed

62 2406 344 2491 visitantibus*
373 2433 486 2501 quam
503 2410 618 2482 altera
635 2410 715 2482 vice
728 2432 853 2483 mense
870 2409 1042 2504 Augusto
1060 2435 1096 2480 a.
1122 2410 1232 2491 1846.

62 2554 144 2600 cum
181 2529 333 2599 morbus
368 2530 504 2623 typhus
537 2529 730 2603 invasisset
763 2529 970 2610 civitatem,
1012 2528 1118 2624 cujus
1156 2529 1236 2624 ipse

61 2648 181 2740 prima
209 2646 349 2719 indicia
378 2648 539 2720 sentiens
566 2647 722 2742 Alpium
751 2648 931 2720 saniorem
961 2655 1083 2719 aerem
1110 2658 1235 2742 petere

61 2776 210 2838 coactus
234 2789 329 2836 sum.
372 2766 550 2845 Quamvis
576 2791 664 2862 ergo
687 2791 762 2839 non
786 2775 828 2838 ut
845 2765 981 2839 eratin
999 2768 1092 2839 votis
1109 2793 1236 2840 eonse-

31 2869 33 2875 ’
62 2896 167 2956 cutus
186 2909 270 2955 sum
287 2908 434 2956 omnem
445 2910 535 2969 rem,
557 2885 734 2957 nonsatis
751 2909 900 2979 possum
916 2884 1089 2959 laudibus
1106 2889 1235 2960 efferre

62 3001 332 3075 humanitatem
358 3012 396 3074 et
421 3004 715 3077 benevolentiam
738 3004 779 3079 in
796 3028 855 3076 me
874 3014 950 3074 tam
966 3005 1234 3098 praefectorum

63 3121 321 3205 bibliothecae,
335 3146 448 3215 quam
458 3123 601 3197 comitis
609 3122 857 3203 Castilionaei,
874 3121 1034 3193 virorum
1045 3133 1234 3215 praestan-

64 3239 288 3312 tissimorum
304 3251 342 3314 et
360 3242 663 3314 doctissimorum.
698 3241 801 3314 Huic
818 3242 913 3314 libro
931 3242 962 3313 si
979 3240 1130 3313 fortasse
1147 3266 1235 3314 con·

65 3359 191 3454 tigerit
213 3363 376 3433 secunda
392 3361 523 3444 editio,
553 3385 658 3455 spero
676 3384 750 3433 non
767 3359 941 3433 defutura
958 3385 1025 3433 nec
1043 3361 1134 3432 haec
1152 3363 1235 3434 Me-

65 3479 306 3562 diolanensia,
335 3504 404 3552 nec
428 3505 523 3571 quae
547 3489 738 3552 servantur
761 3480 954 3574 Augustae
972 3481 1229 3566 Taurinorum,

64 3597 216 3669 collecta
239 3599 286 3669 ab
310 3601 360 3670 A.
382 3600 543 3695 Peyron,
577 3599 654 3670 viro
677 3599 876 3672 clarissimo
901 3598 961 3694 (cf.
989 3599 1068 3671 Cic.
1098 3597 1229 3696 fragm.

63 3715 158 3787 ined.
181 3740 220 3809 p.
250 3717 332 3788 ¹91.
359 3718 455 3812 192),
487 3740 599 3809 quam
623 3716 810 3790 civitatem
838 3742 897 3800 re,
926 3721 973 3790 ob
998 3743 1110 3811 quarn
1133 3719 1234 3790 adie-

63 3859 148 3919 ram,
173 3835 324 3908 0mnino
342 3835 479 3908 infecta
495 3836 642 3928 reliqui.

162 3956 201 4025 4.
233 3954 358 4027 Codex
377 3954 621 4027 bibliothecae
640 3955 925 4028 Carlisruhensis
953 3953 1003 4048 (n.
1027 3953 1087 4032 83.
1110 3954 1171 4027 Cr.
1193 3955 1232 4026 in

63 4072 127 4144 hoc
146 4074 292 4169 opere),
321 4074 415 4146 liber
432 4076 619 4167 quondam
638 4075 848 4148 monasterii
863 4073 1012 4169 Augiae
1029 4072 1174 4166 majoris
1193 4072 1233 4143 in

126 4291 140 4318 ⁰
160 4290 304 4350 Quantum
321 4294 381 4343 tum
399 4288 478 4344 licuit
501 4290 542 4344 uti
561 4289 654 4344 codice
673 4309 779 4345 carmen
802 4290 904 4364 primae
922 4287 1037 4359 paginae
1055 4286 1184 4360 descripsi
1205 4295 1234 4343 et

62 4375 191 4444 qaudam
204 4392 253 4446 per
264 4381 354 4428 totum
367 4374 501 4441 codicem,
517 4383 548 4429 ut
560 4375 730 4431 obvenerunt
741 4377 863 4440 fortuito,
878 4373 976 4444 collegi
989 4372 1102 4445 glossas,
1116 4392 1171 4427 non
1185 4392 1232 4427 no·

62 4469 120 4515 ura
132 4462 249 4533 paginas
260 4461 372 4525 codicis,
386 4478 457 4532 quas
469 4460 498 4515 in
509 4461 563 4516 hoe
574 4478 655 4533 opere
667 4462 742 4516 nudo
750 4462 829 4532 signo
839 4461 890 4514 llll.
900 4459 1068 4529 significatae
1077 4466 1232 4513 occurrunt.
