<?xml version="1.0" encoding="UTF-8"?>
<!DOCTYPE html PUBLIC "-//W3C//DTD XHTML 1.0 Transitional//EN"
    "http://www.w3.org/TR/xhtml1/DTD/xhtml1-transitional.dtd">
<html xmlns="http://www.w3.org/1999/xhtml" xml:lang="en" lang="en">
 <head>
  <title>
</title>
<meta http-equiv="Content-Type" content="text/html;charset=utf-8" />
  <meta name='ocr-system' content='tesseract 3.04.00' />
  <meta name='ocr-capabilities' content='ocr_page ocr_carea ocr_par ocr_line ocrx_word'/>
</head>
<body>
  <div class='ocr_page' id='page_1' title='image "./grammaticacelti00zeusgoog_0475.png"; bbox 0 0 2896 4980; ppageno 0'>
   <div class='ocr_carea' id='block_1_1' title="bbox 154 340 1030 403">
    <p class='ocr_par' dir='ltr' id='par_1_1' title="bbox 154 340 1030 403">
     <span class='ocr_line' id='line_1_1' title="bbox 154 340 1030 403; baseline 0 -1"><span class='ocrx_word' id='word_1_1' title='bbox 154 342 216 402; x_wconf 73' lang='lat'><strong>412</strong></span> <span class='ocrx_word' id='word_1_2' title='bbox 439 340 506 403; x_wconf 90' lang='lat' dir='ltr'>III.</span> <span class='ocrx_word' id='word_1_3' title='bbox 535 348 562 401; x_wconf 88' lang='lat'><strong>1.</strong></span> <span class='ocrx_word' id='word_1_4' title='bbox 609 360 757 403; x_wconf 70' lang='lat' dir='ltr'><strong>srsrnun</strong></span> <span class='ocrx_word' id='word_1_5' title='bbox 771 360 874 403; x_wconf 77' lang='lat' dir='ltr'><strong>vnum</strong></span> <span class='ocrx_word' id='word_1_6' title='bbox 888 359 1030 403; x_wconf 76' lang='lat' dir='ltr'><strong>carmon</strong></span> 
     </span>
    </p>
   </div>
   <div class='ocr_carea' id='block_1_2' title="bbox 135 508 1290 4490">
    <p class='ocr_par' dir='ltr' id='par_1_2' title="bbox 141 508 1288 3329">
     <span class='ocr_line' id='line_1_2' title="bbox 151 508 1284 593; baseline -0.001 -20"><span class='ocrx_word' id='word_1_7' title='bbox 151 509 356 585; x_wconf 89' lang='lat' dir='ltr'><strong>cundaria,</strong></span> <span class='ocrx_word' id='word_1_8' title='bbox 374 508 552 572; x_wconf 84' lang='lat' dir='ltr'><strong>differentia</strong></span> <span class='ocrx_word' id='word_1_9' title='bbox 573 508 848 572; x_wconf 80' lang='lat' dir='ltr'><strong>terminationibus</strong></span> <span class='ocrx_word' id='word_1_10' title='bbox 868 530 1079 593; x_wconf 89' lang='lat' dir='ltr'><strong>personarum</strong></span> <span class='ocrx_word' id='word_1_11' title='bbox 1093 519 1124 571; x_wconf 93' lang='lat' dir='ltr'><strong>et</strong></span> <span class='ocrx_word' id='word_1_12' title='bbox 1138 529 1207 571; x_wconf 86' lang='lat' dir='ltr'><strong>usu.</strong></span> <span class='ocrx_word' id='word_1_13' title='bbox 1231 509 1284 572; x_wconf 84' lang='lat' dir='ltr'><strong>Tria</strong></span> 
     </span>
     <span class='ocr_line' id='line_1_3' title="bbox 151 613 1283 700; baseline -0.001 -23"><span class='ocrx_word' id='word_1_14' title='bbox 151 615 300 700; x_wconf 89' lang='lat' dir='ltr'><strong>primaria</strong></span> <span class='ocrx_word' id='word_1_15' title='bbox 322 613 465 677; x_wconf 89' lang='lat' dir='ltr'><strong>indicant</strong></span> <span class='ocrx_word' id='word_1_16' title='bbox 484 615 599 691; x_wconf 91' lang='lat' dir='ltr'><strong>solum,</strong></span> <span class='ocrx_word' id='word_1_17' title='bbox 617 614 638 677; x_wconf 91' lang='lat' dir='ltr'><strong>i.</strong></span> <span class='ocrx_word' id='word_1_18' title='bbox 659 637 687 677; x_wconf 87' lang='lat' dir='ltr'><strong>e.</strong></span> <span class='ocrx_word' id='word_1_19' title='bbox 706 613 869 678; x_wconf 81' lang='lat' dir='ltr'><strong>indicativi</strong></span> <span class='ocrx_word' id='word_1_20' title='bbox 891 636 1022 678; x_wconf 88' lang='lat' dir='ltr'><strong>sensum</strong></span> <span class='ocrx_word' id='word_1_21' title='bbox 1044 636 1120 698; x_wconf 87' lang='lat' dir='ltr'><strong>prae</strong></span> <span class='ocrx_word' id='word_1_22' title='bbox 1141 636 1174 676; x_wconf 85' lang='lat' dir='ltr'><strong>se</strong></span> <span class='ocrx_word' id='word_1_23' title='bbox 1187 614 1283 690; x_wconf 80' lang='lat' dir='ltr'><strong>senmt3</strong></span> 
     </span>
     <span class='ocr_line' id='line_1_4' title="bbox 153 719 1285 802; baseline -0.001 -20"><span class='ocrx_word' id='word_1_24' title='bbox 153 720 212 783; x_wconf 90' lang='lat' dir='ltr'><strong>tria</strong></span> <span class='ocrx_word' id='word_1_25' title='bbox 230 720 415 783; x_wconf 89' lang='lat' dir='ltr'><strong>secundaria</strong></span> <span class='ocrx_word' id='word_1_26' title='bbox 430 743 495 783; x_wconf 93' lang='lat' dir='ltr'><strong>non</strong></span> <span class='ocrx_word' id='word_1_27' title='bbox 510 721 614 784; x_wconf 88' lang='lat' dir='ltr'><strong>solum</strong></span> <span class='ocrx_word' id='word_1_28' title='bbox 628 720 783 796; x_wconf 91' lang='lat' dir='ltr'><strong>indicant,</strong></span> <span class='ocrx_word' id='word_1_29' title='bbox 801 721 1014 802; x_wconf 86' lang='lat' dir='ltr'><strong>comparanda</strong></span> <span class='ocrx_word' id='word_1_30' title='bbox 1027 719 1064 782; x_wconf 91' lang='lat' dir='ltr'><strong>in</strong></span> <span class='ocrx_word' id='word_1_31' title='bbox 1079 719 1139 782; x_wconf 90' lang='lat' dir='ltr'><strong>hac</strong></span> <span class='ocrx_word' id='word_1_32' title='bbox 1154 719 1285 782; x_wconf 83' lang='lat' dir='ltr'><strong>functione</strong></span> 
     </span>
     <span class='ocr_line' id='line_1_5' title="bbox 151 823 1287 910; baseline -0.002 -22"><span class='ocrx_word' id='word_1_33' title='bbox 151 825 337 909; x_wconf 91' lang='lat' dir='ltr'><strong>praesertim</strong></span> <span class='ocrx_word' id='word_1_34' title='bbox 358 848 432 888; x_wconf 92' lang='lat' dir='ltr'><strong>cum</strong></span> <span class='ocrx_word' id='word_1_35' title='bbox 452 826 656 910; x_wconf 89' lang='lat' dir='ltr'><strong>temporibus,</strong></span> <span class='ocrx_word' id='word_1_36' title='bbox 674 847 756 909; x_wconf 86' lang='lat' dir='ltr'><strong>quae</strong></span> <span class='ocrx_word' id='word_1_37' title='bbox 776 846 795 887; x_wconf 92' lang='lat' dir='ltr'><strong>a</strong></span> <span class='ocrx_word' id='word_1_38' title='bbox 813 825 1027 907; x_wconf 79' lang='lat' dir='ltr'><strong>grammaticis</strong></span> <span class='ocrx_word' id='word_1_39' title='bbox 1042 823 1153 887; x_wconf 84' lang='lat' dir='ltr'><strong>latinis</strong></span> <span class='ocrx_word' id='word_1_40' title='bbox 1167 823 1287 886; x_wconf 86' lang='lat' dir='ltr'><strong>dicuntur</strong></span> 
     </span>
     <span class='ocr_line' id='line_1_6' title="bbox 152 928 1287 1015; baseline -0.002 -22"><span class='ocrx_word' id='word_1_41' title='bbox 152 931 381 1014; x_wconf 80' lang='lat' dir='ltr'><strong>imperfectum,</strong></span> <span class='ocrx_word' id='word_1_42' title='bbox 400 931 746 1015; x_wconf 77' lang='lat' dir='ltr'><strong>plusquamperfectum</strong></span> <span class='ocrx_word' id='word_1_43' title='bbox 765 942 798 993; x_wconf 91' lang='lat' dir='ltr'><strong>et</strong></span> <span class='ocrx_word' id='word_1_44' title='bbox 812 930 958 993; x_wconf 85' lang='lat' dir='ltr'><strong>futurum</strong></span> <span class='ocrx_word' id='word_1_45' title='bbox 972 941 1133 1005; x_wconf 86' lang='lat' dir='ltr'><strong>exactum,</strong></span> <span class='ocrx_word' id='word_1_46' title='bbox 1152 930 1205 991; x_wconf 87' lang='lat' dir='ltr'><strong>sed</strong></span> <span class='ocrx_word' id='word_1_47' title='bbox 1217 928 1287 991; x_wconf 89' lang='lat' dir='ltr'><strong>etian</strong></span> 
     </span>
     <span class='ocr_line' id='line_1_7' title="bbox 151 1035 1286 1118; baseline -0.002 -20"><span class='ocrx_word' id='word_1_48' title='bbox 151 1035 186 1098; x_wconf 92' lang='lat' dir='ltr'><strong>in</strong></span> <span class='ocrx_word' id='word_1_49' title='bbox 208 1036 431 1118; x_wconf 88' lang='lat' dir='ltr'><strong>conjunctione</strong></span> <span class='ocrx_word' id='word_1_50' title='bbox 453 1048 485 1099; x_wconf 93' lang='lat' dir='ltr'><strong>et</strong></span> <span class='ocrx_word' id='word_1_51' title='bbox 507 1035 687 1098; x_wconf 87' lang='lat' dir='ltr'><strong>conditione</strong></span> <span class='ocrx_word' id='word_1_52' title='bbox 709 1035 911 1110; x_wconf 84' lang='lat' dir='ltr'><strong>adhibentur,</strong></span> <span class='ocrx_word' id='word_1_53' title='bbox 930 1035 952 1097; x_wconf 93' lang='lat' dir='ltr'><strong>i.</strong></span> <span class='ocrx_word' id='word_1_54' title='bbox 971 1057 1000 1097; x_wconf 93' lang='lat' dir='ltr'><strong>e.</strong></span> <span class='ocrx_word' id='word_1_55' title='bbox 1017 1035 1052 1097; x_wconf 91' lang='lat' dir='ltr'><strong>in</strong></span> <span class='ocrx_word' id='word_1_56' title='bbox 1074 1035 1185 1098; x_wconf 88' lang='lat' dir='ltr'><strong>eadem</strong></span> <span class='ocrx_word' id='word_1_57' title='bbox 1202 1035 1286 1109; x_wconf 82' lang='lat' dir='ltr'><strong>forma,</strong></span> 
     </span>
     <span class='ocr_line' id='line_1_8' title="bbox 151 1140 1288 1224; baseline 0 -21"><span class='ocrx_word' id='word_1_58' title='bbox 151 1164 247 1224; x_wconf 92' lang='lat' dir='ltr'><strong>quam</strong></span> <span class='ocrx_word' id='word_1_59' title='bbox 267 1141 395 1203; x_wconf 85' lang='lat' dir='ltr'><strong>exhibet</strong></span> <span class='ocrx_word' id='word_1_60' title='bbox 415 1140 618 1217; x_wconf 84' lang='lat' dir='ltr'><strong>indicativus,</strong></span> <span class='ocrx_word' id='word_1_61' title='bbox 636 1141 731 1204; x_wconf 90' lang='lat' dir='ltr'><strong>etiam</strong></span> <span class='ocrx_word' id='word_1_62' title='bbox 753 1140 949 1224; x_wconf 89' lang='lat' dir='ltr'><strong>conjunctivi</strong></span> <span class='ocrx_word' id='word_1_63' title='bbox 963 1152 996 1203; x_wconf 89' lang='lat' dir='ltr'><strong>et</strong></span> <span class='ocrx_word' id='word_1_64' title='bbox 1009 1141 1227 1205; x_wconf 90' lang='lat' dir='ltr'><strong>conditionalis</strong></span> <span class='ocrx_word' id='word_1_65' title='bbox 1239 1142 1288 1204; x_wconf 83' lang='lat' dir='ltr'><strong>vice</strong></span> 
     </span>
     <span class='ocr_line' id='line_1_9' title="bbox 150 1245 1288 1330; baseline 0 -21"><span class='ocrx_word' id='word_1_66' title='bbox 150 1247 340 1330; x_wconf 89' lang='lat' dir='ltr'><strong>funguntur.</strong></span> <span class='ocrx_word' id='word_1_67' title='bbox 372 1246 603 1328; x_wconf 89' lang='lat' dir='ltr'><strong>Conjunctivus</strong></span> <span class='ocrx_word' id='word_1_68' title='bbox 624 1249 737 1310; x_wconf 91' lang='lat' dir='ltr'><strong>modus</strong></span> <span class='ocrx_word' id='word_1_69' title='bbox 760 1245 927 1330; x_wconf 88' lang='lat' dir='ltr'><strong>peculiaris</strong></span> <span class='ocrx_word' id='word_1_70' title='bbox 948 1245 983 1307; x_wconf 92' lang='lat' dir='ltr'><strong>in</strong></span> <span class='ocrx_word' id='word_1_71' title='bbox 1005 1256 1134 1310; x_wconf 90' lang='lat' dir='ltr'><strong>vetusta</strong></span> <span class='ocrx_word' id='word_1_72' title='bbox 1155 1246 1288 1311; x_wconf 84' lang='lat' dir='ltr'><strong>hibernior</strong></span> 
     </span>
     <span class='ocr_line' id='line_1_10' title="bbox 151 1349 1287 1437; baseline 0 -24"><span class='ocrx_word' id='word_1_73' title='bbox 151 1352 261 1434; x_wconf 89' lang='lat' dir='ltr'><strong>lingua</strong></span> <span class='ocrx_word' id='word_1_74' title='bbox 282 1363 386 1415; x_wconf 87' lang='lat' dir='ltr'><strong>exstat</strong></span> <span class='ocrx_word' id='word_1_75' title='bbox 407 1351 601 1437; x_wconf 84' lang='lat' dir='ltr'><strong>intempore</strong></span> <span class='ocrx_word' id='word_1_76' title='bbox 622 1363 788 1437; x_wconf 88' lang='lat' dir='ltr'><strong>praesente</strong></span> <span class='ocrx_word' id='word_1_77' title='bbox 808 1361 935 1415; x_wconf 88' lang='lat' dir='ltr'><strong>tantum</strong></span> <span class='ocrx_word' id='word_1_78' title='bbox 956 1349 1052 1413; x_wconf 89' lang='lat' dir='ltr'><strong>activi</strong></span> <span class='ocrx_word' id='word_1_79' title='bbox 1075 1362 1108 1414; x_wconf 93' lang='lat' dir='ltr'><strong>et</strong></span> <span class='ocrx_word' id='word_1_80' title='bbox 1130 1352 1240 1435; x_wconf 80' lang='lat' dir='ltr'><strong>passivi</strong></span> <span class='ocrx_word' id='word_1_81' title='bbox 1251 1372 1287 1414; x_wconf 82' lang='lat' dir='ltr'><strong>vo</strong></span> 
     </span>
     <span class='ocr_line' id='line_1_11' title="bbox 150 1454 1287 1541; baseline -0.001 -21"><span class='ocrx_word' id='word_1_82' title='bbox 150 1458 250 1520; x_wconf 89' lang='lat' dir='ltr'><strong>calem</strong></span> <span class='ocrx_word' id='word_1_83' title='bbox 272 1480 292 1519; x_wconf 89' lang='lat' dir='ltr'><strong>o</strong></span> <span class='ocrx_word' id='word_1_84' title='bbox 313 1479 368 1540; x_wconf 90' lang='lat' dir='ltr'><strong>per</strong></span> <span class='ocrx_word' id='word_1_85' title='bbox 387 1478 593 1539; x_wconf 91' lang='lat' dir='ltr'><strong>personarum</strong></span> <span class='ocrx_word' id='word_1_86' title='bbox 615 1457 853 1520; x_wconf 90' lang='lat' dir='ltr'><strong>terminationes</strong></span> <span class='ocrx_word' id='word_1_87' title='bbox 875 1454 1041 1519; x_wconf 82' lang='lat' dir='ltr'><strong>exhibens.</strong></span> <span class='ocrx_word' id='word_1_88' title='bbox 1074 1458 1116 1520; x_wconf 94' lang='lat' dir='ltr'><strong>In</strong></span> <span class='ocrx_word' id='word_1_89' title='bbox 1137 1456 1287 1541; x_wconf 75' lang='lat' dir='ltr'><strong>imperativi</strong></span> 
     </span>
     <span class='ocr_line' id='line_1_12' title="bbox 149 1561 1286 1645; baseline -0.001 -21"><span class='ocrx_word' id='word_1_90' title='bbox 149 1562 257 1624; x_wconf 82' lang='lat' dir='ltr'><strong>formis</strong></span> <span class='ocrx_word' id='word_1_91' title='bbox 279 1562 410 1624; x_wconf 88' lang='lat' dir='ltr'><strong>servatis</strong></span> <span class='ocrx_word' id='word_1_92' title='bbox 430 1564 623 1625; x_wconf 87' lang='lat' dir='ltr'><strong>concordant</strong></span> <span class='ocrx_word' id='word_1_93' title='bbox 642 1563 772 1645; x_wconf 85' lang='lat' dir='ltr'><strong>linguae</strong></span> <span class='ocrx_word' id='word_1_94' title='bbox 792 1562 921 1625; x_wconf 88' lang='lat' dir='ltr'><strong>celticae</strong></span> <span class='ocrx_word' id='word_1_95' title='bbox 943 1582 1016 1623; x_wconf 91' lang='lat' dir='ltr'><strong>cum</strong></span> <span class='ocrx_word' id='word_1_96' title='bbox 1032 1561 1117 1639; x_wconf 86' lang='lat' dir='ltr'><strong>aliis,</strong></span> <span class='ocrx_word' id='word_1_97' title='bbox 1135 1563 1286 1626; x_wconf 85' lang='lat' dir='ltr'><strong>discordant</strong></span> 
     </span>
     <span class='ocr_line' id='line_1_13' title="bbox 149 1665 1285 1752; baseline 0.001 -24"><span class='ocrx_word' id='word_1_98' title='bbox 149 1677 256 1728; x_wconf 91' lang='lat' dir='ltr'><strong>autem</strong></span> <span class='ocrx_word' id='word_1_99' title='bbox 279 1666 314 1728; x_wconf 92' lang='lat' dir='ltr'><strong>in</strong></span> <span class='ocrx_word' id='word_1_100' title='bbox 341 1666 434 1729; x_wconf 91' lang='lat' dir='ltr'><strong>variis</strong></span> <span class='ocrx_word' id='word_1_101' title='bbox 463 1667 739 1731; x_wconf 81' lang='lat' dir='ltr'><strong>terminationibus</strong></span> <span class='ocrx_word' id='word_1_102' title='bbox 762 1667 930 1743; x_wconf 87' lang='lat' dir='ltr'><strong>infinitivi,</strong></span> <span class='ocrx_word' id='word_1_103' title='bbox 956 1665 1012 1750; x_wconf 91' lang='lat' dir='ltr'><strong>qui</strong></span> <span class='ocrx_word' id='word_1_104' title='bbox 1034 1678 1083 1730; x_wconf 90' lang='lat' dir='ltr'><strong>est</strong></span> <span class='ocrx_word' id='word_1_105' title='bbox 1106 1668 1202 1731; x_wconf 90' lang='lat' dir='ltr'><strong>solius</strong></span> <span class='ocrx_word' id='word_1_106' title='bbox 1221 1688 1285 1752; x_wconf 79' lang='lat' dir='ltr'><strong>prae</strong></span> 
     </span>
     <span class='ocr_line' id='line_1_14' title="bbox 148 1771 1285 1848; baseline 0 -14"><span class='ocrx_word' id='word_1_107' title='bbox 148 1771 247 1834; x_wconf 83' lang='lat' dir='ltr'><strong>sentis</strong></span> <span class='ocrx_word' id='word_1_108' title='bbox 263 1771 369 1848; x_wconf 91' lang='lat' dir='ltr'><strong>activi,</strong></span> <span class='ocrx_word' id='word_1_109' title='bbox 387 1783 419 1835; x_wconf 91' lang='lat' dir='ltr'><strong>et</strong></span> <span class='ocrx_word' id='word_1_110' title='bbox 434 1774 610 1835; x_wconf 90' lang='lat' dir='ltr'><strong>secundum</strong></span> <span class='ocrx_word' id='word_1_111' title='bbox 624 1774 757 1837; x_wconf 87' lang='lat' dir='ltr'><strong>formam</strong></span> <span class='ocrx_word' id='word_1_112' title='bbox 773 1773 858 1837; x_wconf 89' lang='lat' dir='ltr'><strong>vario</strong></span> <span class='ocrx_word' id='word_1_113' title='bbox 872 1775 966 1835; x_wconf 91' lang='lat' dir='ltr'><strong>modo</strong></span> <span class='ocrx_word' id='word_1_114' title='bbox 981 1772 1158 1836; x_wconf 88' lang='lat' dir='ltr'><strong>derivatam</strong></span> <span class='ocrx_word' id='word_1_115' title='bbox 1173 1786 1203 1837; x_wconf 93' lang='lat' dir='ltr'><strong>et</strong></span> <span class='ocrx_word' id='word_1_116' title='bbox 1215 1794 1285 1835; x_wconf 78' lang='lat' dir='ltr'><strong>risun</strong></span> 
     </span>
     <span class='ocr_line' id='line_1_15' title="bbox 147 1876 1284 1963; baseline 0.001 -24"><span class='ocrx_word' id='word_1_117' title='bbox 147 1876 210 1939; x_wconf 88' lang='lat' dir='ltr'><strong>dici</strong></span> <span class='ocrx_word' id='word_1_118' title='bbox 225 1876 340 1960; x_wconf 87' lang='lat' dir='ltr'><strong>poterit</strong></span> <span class='ocrx_word' id='word_1_119' title='bbox 355 1878 590 1941; x_wconf 83' lang='lat' dir='ltr'><strong>substantivum</strong></span> <span class='ocrx_word' id='word_1_120' title='bbox 604 1879 739 1942; x_wconf 88' lang='lat' dir='ltr'><strong>verbale.</strong></span> <span class='ocrx_word' id='word_1_121' title='bbox 766 1878 938 1962; x_wconf 90' lang='lat' dir='ltr'><strong>Participia</strong></span> <span class='ocrx_word' id='word_1_122' title='bbox 952 1889 1082 1941; x_wconf 80' lang='lat' dir='ltr'><strong>exstant</strong></span> <span class='ocrx_word' id='word_1_123' title='bbox 1097 1880 1210 1963; x_wconf 85' lang='lat' dir='ltr'><strong>passivi</strong></span> <span class='ocrx_word' id='word_1_124' title='bbox 1221 1900 1284 1962; x_wconf 82' lang='lat' dir='ltr'><strong>pne</strong></span> 
     </span>
     <span class='ocr_line' id='line_1_16' title="bbox 148 1982 1283 2067; baseline -0.001 -21"><span class='ocrx_word' id='word_1_125' title='bbox 148 1982 232 2046; x_wconf 90' lang='lat' dir='ltr'><strong>teriti</strong></span> <span class='ocrx_word' id='word_1_126' title='bbox 248 1994 280 2045; x_wconf 91' lang='lat' dir='ltr'><strong>et</strong></span> <span class='ocrx_word' id='word_1_127' title='bbox 294 1983 405 2059; x_wconf 85' lang='lat' dir='ltr'><strong>futuri,</strong></span> <span class='ocrx_word' id='word_1_128' title='bbox 423 1984 478 2046; x_wconf 90' lang='lat' dir='ltr'><strong>sed</strong></span> <span class='ocrx_word' id='word_1_129' title='bbox 493 1984 619 2047; x_wconf 90' lang='lat' dir='ltr'><strong>nullum</strong></span> <span class='ocrx_word' id='word_1_130' title='bbox 634 1984 740 2061; x_wconf 87' lang='lat' dir='ltr'><strong>activi,</strong></span> <span class='ocrx_word' id='word_1_131' title='bbox 758 2006 799 2047; x_wconf 87' lang='lat' dir='ltr'><strong>ne</strong></span> <span class='ocrx_word' id='word_1_132' title='bbox 813 1984 987 2067; x_wconf 88' lang='lat' dir='ltr'><strong>praesentis</strong></span> <span class='ocrx_word' id='word_1_133' title='bbox 1003 1983 1151 2066; x_wconf 91' lang='lat' dir='ltr'><strong>quidem;</strong></span> <span class='ocrx_word' id='word_1_134' title='bbox 1175 1997 1243 2047; x_wconf 88' lang='lat' dir='ltr'><strong>sunt</strong></span> <span class='ocrx_word' id='word_1_135' title='bbox 1255 1997 1283 2045; x_wconf 83' lang='lat' dir='ltr'><strong>ta·</strong></span> 
     </span>
     <span class='ocr_line' id='line_1_17' title="bbox 146 2087 1284 2174; baseline -0.003 -23"><span class='ocrx_word' id='word_1_136' title='bbox 146 2110 221 2151; x_wconf 83' lang='lat' dir='ltr'><strong>men</strong></span> <span class='ocrx_word' id='word_1_137' title='bbox 243 2087 422 2153; x_wconf 88' lang='lat' dir='ltr'><strong>hibernicae</strong></span> <span class='ocrx_word' id='word_1_138' title='bbox 444 2100 587 2152; x_wconf 90' lang='lat' dir='ltr'><strong>vetustae</strong></span> <span class='ocrx_word' id='word_1_139' title='bbox 607 2090 725 2153; x_wconf 87' lang='lat' dir='ltr'><strong>formae</strong></span> <span class='ocrx_word' id='word_1_140' title='bbox 745 2090 890 2174; x_wconf 87' lang='lat' dir='ltr'><strong>propriae</strong></span> <span class='ocrx_word' id='word_1_141' title='bbox 912 2088 1073 2165; x_wconf 88' lang='lat' dir='ltr'><strong>relativae,</strong></span> <span class='ocrx_word' id='word_1_142' title='bbox 1090 2090 1284 2173; x_wconf 73' lang='lat' dir='ltr'><strong>praesentiret</strong></span> 
     </span>
     <span class='ocr_line' id='line_1_18' title="bbox 147 2193 1282 2279; baseline 0.003 -24"><span class='ocrx_word' id='word_1_143' title='bbox 147 2193 247 2256; x_wconf 87' lang='lat' dir='ltr'><strong>futuri</strong></span> <span class='ocrx_word' id='word_1_144' title='bbox 270 2194 436 2278; x_wconf 89' lang='lat' dir='ltr'><strong>utriusque</strong></span> <span class='ocrx_word' id='word_1_145' title='bbox 457 2195 593 2271; x_wconf 89' lang='lat' dir='ltr'><strong>numeri,</strong></span> <span class='ocrx_word' id='word_1_146' title='bbox 613 2215 693 2277; x_wconf 88' lang='lat' dir='ltr'><strong>quae</strong></span> <span class='ocrx_word' id='word_1_147' title='bbox 714 2194 779 2257; x_wconf 81' lang='lat' dir='ltr'><strong>sere</strong></span> <span class='ocrx_word' id='word_1_148' title='bbox 801 2194 1040 2279; x_wconf 84' lang='lat' dir='ltr'><strong>participiorum</strong></span> <span class='ocrx_word' id='word_1_149' title='bbox 1063 2196 1178 2258; x_wconf 89' lang='lat' dir='ltr'><strong>horum</strong></span> <span class='ocrx_word' id='word_1_150' title='bbox 1192 2206 1282 2276; x_wconf 77' lang='lat' dir='ltr'><strong>tempe</strong></span> 
     </span>
     <span class='ocr_line' id='line_1_19' title="bbox 146 2296 1281 2384; baseline 0.002 -22"><span class='ocrx_word' id='word_1_151' title='bbox 146 2321 217 2363; x_wconf 87' lang='lat' dir='ltr'><strong>rum</strong></span> <span class='ocrx_word' id='word_1_152' title='bbox 238 2300 305 2363; x_wconf 88' lang='lat' dir='ltr'><strong>vice</strong></span> <span class='ocrx_word' id='word_1_153' title='bbox 326 2301 516 2383; x_wconf 83' lang='lat' dir='ltr'><strong>funguntur.</strong></span> <span class='ocrx_word' id='word_1_154' title='bbox 549 2303 599 2364; x_wconf 88' lang='lat' dir='ltr'><strong>De</strong></span> <span class='ocrx_word' id='word_1_155' title='bbox 620 2321 764 2376; x_wconf 91' lang='lat' dir='ltr'><strong>numero,</strong></span> <span class='ocrx_word' id='word_1_156' title='bbox 781 2300 937 2384; x_wconf 90' lang='lat' dir='ltr'><strong>personis,</strong></span> <span class='ocrx_word' id='word_1_157' title='bbox 955 2302 1051 2363; x_wconf 91' lang='lat' dir='ltr'><strong>verbo</strong></span> <span class='ocrx_word' id='word_1_158' title='bbox 1073 2300 1176 2364; x_wconf 89' lang='lat' dir='ltr'><strong>activo</strong></span> <span class='ocrx_word' id='word_1_159' title='bbox 1196 2296 1281 2363; x_wconf 76' lang='lat' dir='ltr'><strong>nann-</strong></span> 
     </span>
     <span class='ocr_line' id='line_1_20' title="bbox 146 2403 1280 2488; baseline 0.004 -23"><span class='ocrx_word' id='word_1_160' title='bbox 146 2403 211 2466; x_wconf 91' lang='lat' dir='ltr'><strong>tivo</strong></span> <span class='ocrx_word' id='word_1_161' title='bbox 225 2415 257 2466; x_wconf 91' lang='lat' dir='ltr'><strong>et</strong></span> <span class='ocrx_word' id='word_1_162' title='bbox 272 2405 473 2468; x_wconf 83' lang='lat' dir='ltr'><strong>intransitive</strong></span> <span class='ocrx_word' id='word_1_163' title='bbox 488 2406 539 2468; x_wconf 90' lang='lat' dir='ltr'><strong>vel</strong></span> <span class='ocrx_word' id='word_1_164' title='bbox 554 2417 678 2482; x_wconf 91' lang='lat' dir='ltr'><strong>neutro,</strong></span> <span class='ocrx_word' id='word_1_165' title='bbox 693 2428 773 2488; x_wconf 89' lang='lat' dir='ltr'><strong>quae</strong></span> <span class='ocrx_word' id='word_1_166' title='bbox 788 2407 895 2469; x_wconf 86' lang='lat' dir='ltr'><strong>omnia</strong></span> <span class='ocrx_word' id='word_1_167' title='bbox 911 2417 988 2468; x_wconf 86' lang='lat' dir='ltr'><strong>sunt</strong></span> <span class='ocrx_word' id='word_1_168' title='bbox 1001 2418 1040 2468; x_wconf 94' lang='lat' dir='ltr'><strong>ut</strong></span> <span class='ocrx_word' id='word_1_169' title='bbox 1051 2406 1085 2467; x_wconf 97' lang='lat' dir='ltr'><strong>in</strong></span> <span class='ocrx_word' id='word_1_170' title='bbox 1097 2406 1168 2469; x_wconf 89' lang='lat' dir='ltr'><strong>aliis</strong></span> <span class='ocrx_word' id='word_1_171' title='bbox 1178 2403 1280 2488; x_wconf 73' lang='lat' dir='ltr'><strong>linguis,</strong></span> 
     </span>
     <span class='ocr_line' id='line_1_21' title="bbox 146 2511 1279 2595; baseline 0.002 -25"><span class='ocrx_word' id='word_1_172' title='bbox 146 2529 211 2570; x_wconf 92' lang='lat' dir='ltr'><strong>non</strong></span> <span class='ocrx_word' id='word_1_173' title='bbox 226 2520 275 2571; x_wconf 90' lang='lat' dir='ltr'><strong>est</strong></span> <span class='ocrx_word' id='word_1_174' title='bbox 289 2512 374 2591; x_wconf 93' lang='lat' dir='ltr'><strong>quod</strong></span> <span class='ocrx_word' id='word_1_175' title='bbox 388 2522 572 2585; x_wconf 91' lang='lat' dir='ltr'><strong>moneatur;</strong></span> <span class='ocrx_word' id='word_1_176' title='bbox 591 2512 622 2573; x_wconf 93' lang='lat' dir='ltr'><strong>id</strong></span> <span class='ocrx_word' id='word_1_177' title='bbox 640 2522 766 2573; x_wconf 90' lang='lat' dir='ltr'><strong>tantum</strong></span> <span class='ocrx_word' id='word_1_178' title='bbox 780 2511 897 2595; x_wconf 89' lang='lat' dir='ltr'><strong>poterit</strong></span> <span class='ocrx_word' id='word_1_179' title='bbox 912 2512 1025 2586; x_wconf 83' lang='lat' dir='ltr'><strong>notari,</strong></span> <span class='ocrx_word' id='word_1_180' title='bbox 1044 2523 1082 2574; x_wconf 91' lang='lat' dir='ltr'><strong>ut</strong></span> <span class='ocrx_word' id='word_1_181' title='bbox 1097 2534 1162 2575; x_wconf 91' lang='lat' dir='ltr'><strong>non</strong></span> <span class='ocrx_word' id='word_1_182' title='bbox 1177 2523 1221 2575; x_wconf 91' lang='lat' dir='ltr'><strong>est</strong></span> <span class='ocrx_word' id='word_1_183' title='bbox 1232 2529 1279 2593; x_wconf 79' lang='lat' dir='ltr'><strong>pre</strong></span> 
     </span>
     <span class='ocr_line' id='line_1_22' title="bbox 144 2613 1279 2697; baseline -0.003 -22"><span class='ocrx_word' id='word_1_184' title='bbox 144 2613 282 2676; x_wconf 91' lang='lat' dir='ltr'><strong>nominis</strong></span> <span class='ocrx_word' id='word_1_185' title='bbox 305 2616 430 2697; x_wconf 87' lang='lat' dir='ltr'><strong>propria</strong></span> <span class='ocrx_word' id='word_1_186' title='bbox 449 2616 550 2678; x_wconf 87' lang='lat' dir='ltr'><strong>forma</strong></span> <span class='ocrx_word' id='word_1_187' title='bbox 571 2616 720 2679; x_wconf 82' lang='lat' dir='ltr'><strong>reflexiva</strong></span> <span class='ocrx_word' id='word_1_188' title='bbox 741 2616 863 2692; x_wconf 88' lang='lat' dir='ltr'><strong>celtica,</strong></span> <span class='ocrx_word' id='word_1_189' title='bbox 882 2639 947 2680; x_wconf 92' lang='lat' dir='ltr'><strong>non</strong></span> <span class='ocrx_word' id='word_1_190' title='bbox 967 2638 1035 2680; x_wconf 82' lang='lat' dir='ltr'><strong>esse</strong></span> <span class='ocrx_word' id='word_1_191' title='bbox 1051 2618 1148 2680; x_wconf 89' lang='lat' dir='ltr'><strong>etiarn</strong></span> <span class='ocrx_word' id='word_1_192' title='bbox 1163 2617 1248 2691; x_wconf 90' lang='lat' dir='ltr'><strong>verbi,</strong></span> <span class='ocrx_word' id='word_1_193' title='bbox 1260 2625 1279 2674; x_wconf 83' lang='lat' dir='ltr'><strong>et</strong></span> 
     </span>
     <span class='ocr_line' id='line_1_23' title="bbox 143 2717 1279 2807; baseline 0.004 -28"><span class='ocrx_word' id='word_1_194' title='bbox 143 2717 300 2782; x_wconf 88' lang='lat' dir='ltr'><strong>actionem</strong></span> <span class='ocrx_word' id='word_1_195' title='bbox 326 2722 516 2804; x_wconf 84' lang='lat' dir='ltr'><strong>reciprocam</strong></span> <span class='ocrx_word' id='word_1_196' title='bbox 543 2721 676 2784; x_wconf 84' lang='lat' dir='ltr'><strong>indicari</strong></span> <span class='ocrx_word' id='word_1_197' title='bbox 705 2734 761 2786; x_wconf 90' lang='lat' dir='ltr'><strong>aut</strong></span> <span class='ocrx_word' id='word_1_198' title='bbox 786 2723 983 2807; x_wconf 91' lang='lat' dir='ltr'><strong>pronominis</strong></span> <span class='ocrx_word' id='word_1_199' title='bbox 1006 2723 1100 2785; x_wconf 86' lang='lat' dir='ltr'><strong>solita</strong></span> <span class='ocrx_word' id='word_1_200' title='bbox 1122 2724 1216 2786; x_wconf 89' lang='lat' dir='ltr'><strong>sorma</strong></span> <span class='ocrx_word' id='word_1_201' title='bbox 1233 2720 1279 2803; x_wconf 77' lang='lat' dir='ltr'><strong>eju</strong></span> 
     </span>
     <span class='ocr_line' id='line_1_24' title="bbox 144 2827 1276 2911; baseline 0.006 -25"><span class='ocrx_word' id='word_1_202' title='bbox 144 2847 306 2907; x_wconf 87' lang='lat' dir='ltr'><strong>personae,</strong></span> <span class='ocrx_word' id='word_1_203' title='bbox 321 2849 401 2909; x_wconf 86' lang='lat' dir='ltr'><strong>quac</strong></span> <span class='ocrx_word' id='word_1_204' title='bbox 413 2827 447 2889; x_wconf 89' lang='lat' dir='ltr'><strong>in</strong></span> <span class='ocrx_word' id='word_1_205' title='bbox 459 2850 492 2889; x_wconf 91' lang='lat' dir='ltr'><strong>sc</strong></span> <span class='ocrx_word' id='word_1_206' title='bbox 504 2829 580 2911; x_wconf 86' lang='lat' dir='ltr'><strong>agit,</strong></span> <span class='ocrx_word' id='word_1_207' title='bbox 592 2839 648 2890; x_wconf 91' lang='lat' dir='ltr'><strong>aut</strong></span> <span class='ocrx_word' id='word_1_208' title='bbox 660 2828 814 2911; x_wconf 86' lang='lat' dir='ltr'><strong>particula</strong></span> <span class='ocrx_word' id='word_1_209' title='bbox 826 2829 883 2890; x_wconf 80' lang='lat' dir='ltr'><strong>t&#39;m-</strong></span> <span class='ocrx_word' id='word_1_210' title='bbox 896 2829 1085 2911; x_wconf 88' lang='lat' dir='ltr'><strong>praeposita.</strong></span> <span class='ocrx_word' id='word_1_211' title='bbox 1108 2830 1191 2892; x_wconf 88' lang='lat' dir='ltr'><strong>Sunt</strong></span> <span class='ocrx_word' id='word_1_212' title='bbox 1200 2845 1276 2910; x_wconf 69' lang='lat' dir='ltr'><strong>porro,</strong></span> 
     </span>
     <span class='ocr_line' id='line_1_25' title="bbox 143 2931 1278 3016; baseline -0.002 -23"><span class='ocrx_word' id='word_1_213' title='bbox 143 2942 180 2992; x_wconf 93' lang='lat' dir='ltr'><strong>ut</strong></span> <span class='ocrx_word' id='word_1_214' title='bbox 202 2933 343 3008; x_wconf 86' lang='lat' dir='ltr'><strong>nomina,</strong></span> <span class='ocrx_word' id='word_1_215' title='bbox 362 2932 457 2994; x_wconf 87' lang='lat' dir='ltr'><strong>ctiam</strong></span> <span class='ocrx_word' id='word_1_216' title='bbox 480 2935 574 2996; x_wconf 86' lang='lat' dir='ltr'><strong>verba</strong></span> <span class='ocrx_word' id='word_1_217' title='bbox 596 2936 751 3016; x_wconf 88' lang='lat' dir='ltr'><strong>quaedam</strong></span> <span class='ocrx_word' id='word_1_218' title='bbox 774 2954 839 2994; x_wconf 91' lang='lat' dir='ltr'><strong>non</strong></span> <span class='ocrx_word' id='word_1_219' title='bbox 862 2933 987 2997; x_wconf 85' lang='lat' dir='ltr'><strong>solitam</strong></span> <span class='ocrx_word' id='word_1_220' title='bbox 1003 2934 1151 2998; x_wconf 85' lang='lat' dir='ltr'><strong>flexionis</strong></span> <span class='ocrx_word' id='word_1_221' title='bbox 1165 2931 1278 3015; x_wconf 83' lang='lat' dir='ltr'><strong>regulam</strong></span> 
     </span>
     <span class='ocr_line' id='line_1_26' title="bbox 143 3038 1278 3123; baseline -0.001 -26"><span class='ocrx_word' id='word_1_222' title='bbox 143 3038 323 3118; x_wconf 85' lang='lat' dir='ltr'><strong>sequeutia,</strong></span> <span class='ocrx_word' id='word_1_223' title='bbox 349 3050 413 3101; x_wconf 86' lang='lat' dir='ltr'><strong>tam</strong></span> <span class='ocrx_word' id='word_1_224' title='bbox 434 3039 612 3115; x_wconf 86' lang='lat' dir='ltr'><strong>hibernica,</strong></span> <span class='ocrx_word' id='word_1_225' title='bbox 637 3062 732 3122; x_wconf 90' lang='lat' dir='ltr'><strong>quam</strong></span> <span class='ocrx_word' id='word_1_226' title='bbox 752 3038 946 3115; x_wconf 87' lang='lat' dir='ltr'><strong>britannica,</strong></span> <span class='ocrx_word' id='word_1_227' title='bbox 970 3038 1054 3102; x_wconf 81' lang='lat' dir='ltr'><strong>inter</strong></span> <span class='ocrx_word' id='word_1_228' title='bbox 1075 3062 1157 3123; x_wconf 91' lang='lat' dir='ltr'><strong>quae</strong></span> <span class='ocrx_word' id='word_1_229' title='bbox 1177 3039 1278 3100; x_wconf 84' lang='lat' dir='ltr'><strong>verbum</strong></span> 
     </span>
     <span class='ocr_line' id='line_1_27' title="bbox 142 3142 1278 3208; baseline 0.001 -6"><span class='ocrx_word' id='word_1_230' title='bbox 142 3143 377 3207; x_wconf 83' lang='lat' dir='ltr'><strong>substantivum</strong></span> <span class='ocrx_word' id='word_1_231' title='bbox 397 3166 462 3208; x_wconf 93' lang='lat' dir='ltr'><strong>uon</strong></span> <span class='ocrx_word' id='word_1_232' title='bbox 483 3146 586 3208; x_wconf 91' lang='lat' dir='ltr'><strong>solum</strong></span> <span class='ocrx_word' id='word_1_233' title='bbox 608 3145 780 3207; x_wconf 83' lang='lat' dir='ltr'><strong>fomrarum</strong></span> <span class='ocrx_word' id='word_1_234' title='bbox 802 3146 856 3207; x_wconf 93' lang='lat' dir='ltr'><strong>sed</strong></span> <span class='ocrx_word' id='word_1_235' title='bbox 880 3144 974 3207; x_wconf 90' lang='lat' dir='ltr'><strong>etiam</strong></span> <span class='ocrx_word' id='word_1_236' title='bbox 998 3144 1143 3207; x_wconf 89' lang='lat' dir='ltr'><strong>radicum</strong></span> <span class='ocrx_word' id='word_1_237' title='bbox 1157 3142 1278 3206; x_wconf 76' lang='lat' dir='ltr'><strong>varietate</strong></span> 
     </span>
     <span class='ocr_line' id='line_1_28' title="bbox 141 3249 313 3329; baseline 0.012 -21"><span class='ocrx_word' id='word_1_238' title='bbox 141 3249 313 3329; x_wconf 91' lang='lat' dir='ltr'><strong>praecellit.</strong></span> 
     </span>
    </p>

    <p class='ocr_par' dir='ltr' id='par_1_3' title="bbox 135 3354 1290 4490">
     <span class='ocr_line' id='line_1_29' title="bbox 226 3354 1281 3439; baseline 0.001 -26"><span class='ocrx_word' id='word_1_239' title='bbox 226 3354 359 3416; x_wconf 87' lang='lat' dir='ltr'><strong>Obtinct</strong></span> <span class='ocrx_word' id='word_1_240' title='bbox 377 3378 434 3437; x_wconf 86' lang='lat' dir='ltr'><strong>per</strong></span> <span class='ocrx_word' id='word_1_241' title='bbox 455 3368 595 3439; x_wconf 87' lang='lat' dir='ltr'><strong>tempora</strong></span> <span class='ocrx_word' id='word_1_242' title='bbox 615 3369 787 3419; x_wconf 87' lang='lat' dir='ltr'><strong>memorata</strong></span> <span class='ocrx_word' id='word_1_243' title='bbox 813 3356 941 3419; x_wconf 85' lang='lat' dir='ltr'><strong>slexio</strong></span> <span class='ocrx_word' id='word_1_244' title='bbox 963 3357 1206 3439; x_wconf 85' lang='lat' dir='ltr'><strong>personalis,</strong></span> <span class='ocrx_word' id='word_1_245' title='bbox 1223 3367 1281 3436; x_wconf 75' lang='lat' dir='ltr'><strong>qut</strong></span> 
     </span>
     <span class='ocr_line' id='line_1_30' title="bbox 141 3451 1281 3544; baseline 0.004 -27"><span class='ocrx_word' id='word_1_246' title='bbox 141 3478 299 3539; x_wconf 89' lang='lat' dir='ltr'><strong>quamque</strong></span> <span class='ocrx_word' id='word_1_247' title='bbox 325 3480 493 3539; x_wconf 82' lang='lat' dir='ltr'><strong>personam</strong></span> <span class='ocrx_word' id='word_1_248' title='bbox 515 3462 641 3544; x_wconf 91' lang='lat' dir='ltr'><strong>propria</strong></span> <span class='ocrx_word' id='word_1_249' title='bbox 664 3462 884 3525; x_wconf 89' lang='lat' dir='ltr'><strong>terminatione</strong></span> <span class='ocrx_word' id='word_1_250' title='bbox 904 3461 1080 3544; x_wconf 89' lang='lat' dir='ltr'><strong>significat,</strong></span> <span class='ocrx_word' id='word_1_251' title='bbox 1104 3462 1159 3524; x_wconf 88' lang='lat' dir='ltr'><strong>eui</strong></span> <span class='ocrx_word' id='word_1_252' title='bbox 1178 3451 1281 3524; x_wconf 72' lang='lat' dir='ltr'><strong>nonnisi</strong></span> 
     </span>
     <span class='ocr_line' id='line_1_31' title="bbox 140 3563 1283 3651; baseline 0.007 -29"><span class='ocrx_word' id='word_1_253' title='bbox 140 3572 216 3623; x_wconf 89' lang='lat' dir='ltr'><strong>nota</strong></span> <span class='ocrx_word' id='word_1_254' title='bbox 226 3563 453 3643; x_wconf 86' lang='lat' dir='ltr'><strong>pronominalis</strong></span> <span class='ocrx_word' id='word_1_255' title='bbox 465 3567 621 3649; x_wconf 88' lang='lat' dir='ltr'><strong>amplians</strong></span> <span class='ocrx_word' id='word_1_256' title='bbox 634 3572 680 3651; x_wconf 90' lang='lat' dir='ltr'><strong>(p.</strong></span> <span class='ocrx_word' id='word_1_257' title='bbox 697 3574 771 3648; x_wconf 87' lang='lat'><strong>332)</strong></span> <span class='ocrx_word' id='word_1_258' title='bbox 784 3568 955 3643; x_wconf 89' lang='lat' dir='ltr'><strong>interdum,</strong></span> <span class='ocrx_word' id='word_1_259' title='bbox 971 3588 1037 3630; x_wconf 92' lang='lat' dir='ltr'><strong>non</strong></span> <span class='ocrx_word' id='word_1_260' title='bbox 1049 3589 1223 3651; x_wconf 89' lang='lat' dir='ltr'><strong>pronomen</strong></span> <span class='ocrx_word' id='word_1_261' title='bbox 1232 3582 1283 3649; x_wconf 79' lang='lat' dir='ltr'><strong>per·</strong></span> 
     </span>
     <span class='ocr_line' id='line_1_32' title="bbox 139 3665 1284 3755; baseline 0.007 -27"><span class='ocrx_word' id='word_1_262' title='bbox 139 3667 246 3729; x_wconf 91' lang='lat' dir='ltr'><strong>sonale</strong></span> <span class='ocrx_word' id='word_1_263' title='bbox 261 3665 368 3750; x_wconf 89' lang='lat' dir='ltr'><strong>ipsum</strong></span> <span class='ocrx_word' id='word_1_264' title='bbox 388 3669 515 3732; x_wconf 91' lang='lat' dir='ltr'><strong>additur</strong></span> <span class='ocrx_word' id='word_1_265' title='bbox 523 3697 532 3748; x_wconf 93' lang='lat'>;</span> <span class='ocrx_word' id='word_1_266' title='bbox 551 3697 631 3755; x_wconf 88' lang='lat' dir='ltr'><strong>quae</strong></span> <span class='ocrx_word' id='word_1_267' title='bbox 646 3675 740 3739; x_wconf 86' lang='lat' dir='ltr'><strong>flexio</strong></span> <span class='ocrx_word' id='word_1_268' title='bbox 763 3685 811 3736; x_wconf 91' lang='lat' dir='ltr'><strong>est</strong></span> <span class='ocrx_word' id='word_1_269' title='bbox 825 3672 1002 3736; x_wconf 90' lang='lat' dir='ltr'><strong>communis</strong></span> <span class='ocrx_word' id='word_1_270' title='bbox 1017 3673 1170 3736; x_wconf 86' lang='lat' dir='ltr'><strong>affinibus</strong></span> <span class='ocrx_word' id='word_1_271' title='bbox 1185 3666 1284 3753; x_wconf 69' lang='lat' dir='ltr'><strong>linguit</strong></span> 
     </span>
     <span class='ocr_line' id='line_1_33' title="bbox 137 3774 1285 3862; baseline 0.003 -27"><span class='ocrx_word' id='word_1_272' title='bbox 137 3774 296 3837; x_wconf 71' lang='lat' dir='ltr'><strong>omnibus</strong></span> <span class='ocrx_word' id='word_1_273' title='bbox 322 3774 406 3837; x_wconf 88' lang='lat' dir='ltr'><strong>Sunt</strong></span> <span class='ocrx_word' id='word_1_274' title='bbox 420 3787 527 3839; x_wconf 87' lang='lat' dir='ltr'><strong>autem</strong></span> <span class='ocrx_word' id='word_1_275' title='bbox 542 3778 634 3841; x_wconf 90' lang='lat' dir='ltr'><strong>initia</strong></span> <span class='ocrx_word' id='word_1_276' title='bbox 645 3781 712 3862; x_wconf 90' lang='lat' dir='ltr'><strong>jam</strong></span> <span class='ocrx_word' id='word_1_277' title='bbox 728 3780 763 3841; x_wconf 90' lang='lat' dir='ltr'><strong>in</strong></span> <span class='ocrx_word' id='word_1_278' title='bbox 779 3779 911 3842; x_wconf 90' lang='lat' dir='ltr'><strong>vetustis</strong></span> <span class='ocrx_word' id='word_1_279' title='bbox 926 3779 1145 3842; x_wconf 90' lang='lat' dir='ltr'><strong>monumentis</strong></span> <span class='ocrx_word' id='word_1_280' title='bbox 1161 3776 1285 3862; x_wconf 71' lang='lat' dir='ltr'><strong>propriae</strong></span> 
     </span>
     <span class='ocr_line' id='line_1_34' title="bbox 137 3880 1287 3968; baseline 0.002 -26"><span class='ocrx_word' id='word_1_281' title='bbox 137 3880 303 3963; x_wconf 85' lang='lat' dir='ltr'><strong>cujusdam</strong></span> <span class='ocrx_word' id='word_1_282' title='bbox 326 3880 444 3965; x_wconf 91' lang='lat' dir='ltr'><strong>linguis</strong></span> <span class='ocrx_word' id='word_1_283' title='bbox 462 3883 580 3947; x_wconf 87' lang='lat' dir='ltr'><strong>celticis</strong></span> <span class='ocrx_word' id='word_1_284' title='bbox 602 3885 795 3948; x_wconf 82' lang='lat' dir='ltr'><strong>flexionis</strong></span> <span class='ocrx_word' id='word_1_285' title='bbox 817 3883 1126 3968; x_wconf 87' lang='lat' dir='ltr'><strong>impersonalis,</strong></span> <span class='ocrx_word' id='word_1_286' title='bbox 1145 3904 1225 3967; x_wconf 90' lang='lat' dir='ltr'><strong>quae</strong></span> <span class='ocrx_word' id='word_1_287' title='bbox 1237 3901 1287 3944; x_wconf 77' lang='lat' dir='ltr'><strong>nra·</strong></span> 
     </span>
     <span class='ocr_line' id='line_1_35' title="bbox 136 3985 1288 4070; baseline 0.002 -23"><span class='ocrx_word' id='word_1_288' title='bbox 136 3985 185 4068; x_wconf 90' lang='lat' dir='ltr'><strong>gis</strong></span> <span class='ocrx_word' id='word_1_289' title='bbox 205 3987 369 4070; x_wconf 85' lang='lat' dir='ltr'><strong>magisque</strong></span> <span class='ocrx_word' id='word_1_290' title='bbox 391 3988 527 4051; x_wconf 87' lang='lat' dir='ltr'><strong>invaluit</strong></span> <span class='ocrx_word' id='word_1_291' title='bbox 549 3991 583 4052; x_wconf 91' lang='lat' dir='ltr'><strong>in</strong></span> <span class='ocrx_word' id='word_1_292' title='bbox 605 3990 747 4053; x_wconf 89' lang='lat' dir='ltr'><strong>dialectis</strong></span> <span class='ocrx_word' id='word_1_293' title='bbox 768 3988 1006 4053; x_wconf 87' lang='lat' dir='ltr'><strong>recentioribus.</strong></span> <span class='ocrx_word' id='word_1_294' title='bbox 1039 3991 1132 4056; x_wconf 86' lang='lat' dir='ltr'><strong>Quae</strong></span> <span class='ocrx_word' id='word_1_295' title='bbox 1148 3987 1240 4052; x_wconf 82' lang='lat' dir='ltr'><strong>flexio</strong></span> <span class='ocrx_word' id='word_1_296' title='bbox 1254 4006 1288 4049; x_wconf 83' lang='lat' dir='ltr'><strong>su·</strong></span> 
     </span>
     <span class='ocr_line' id='line_1_36' title="bbox 137 4089 1290 4179; baseline 0.003 -27"><span class='ocrx_word' id='word_1_297' title='bbox 137 4089 201 4153; x_wconf 89' lang='lat' dir='ltr'><strong>lam</strong></span> <span class='ocrx_word' id='word_1_298' title='bbox 215 4091 347 4154; x_wconf 83' lang='lat' dir='ltr'><strong>somnam</strong></span> <span class='ocrx_word' id='word_1_299' title='bbox 364 4094 473 4156; x_wconf 90' lang='lat' dir='ltr'><strong>tertiae</strong></span> <span class='ocrx_word' id='word_1_300' title='bbox 489 4117 641 4177; x_wconf 85' lang='lat' dir='ltr'><strong>personae</strong></span> <span class='ocrx_word' id='word_1_301' title='bbox 656 4095 825 4178; x_wconf 86' lang='lat' dir='ltr'><strong>singularis</strong></span> <span class='ocrx_word' id='word_1_302' title='bbox 842 4095 996 4177; x_wconf 91' lang='lat' dir='ltr'><strong>cujusque</strong></span> <span class='ocrx_word' id='word_1_303' title='bbox 1013 4095 1165 4179; x_wconf 89' lang='lat' dir='ltr'><strong>temporis</strong></span> <span class='ocrx_word' id='word_1_304' title='bbox 1176 4093 1290 4158; x_wconf 80' lang='lat' dir='ltr'><strong>adhibet</strong></span> 
     </span>
     <span class='ocr_line' id='line_1_37' title="bbox 135 4197 1290 4283; baseline 0.003 -26"><span class='ocrx_word' id='word_1_305' title='bbox 135 4197 308 4279; x_wconf 89' lang='lat' dir='ltr'><strong>eademque</strong></span> <span class='ocrx_word' id='word_1_306' title='bbox 329 4197 425 4261; x_wconf 91' lang='lat' dir='ltr'><strong>etiam</strong></span> <span class='ocrx_word' id='word_1_307' title='bbox 447 4212 566 4262; x_wconf 87' lang='lat' dir='ltr'><strong>ceteras</strong></span> <span class='ocrx_word' id='word_1_308' title='bbox 588 4221 738 4282; x_wconf 87' lang='lat' dir='ltr'><strong>personas</strong></span> <span class='ocrx_word' id='word_1_309' title='bbox 759 4200 918 4283; x_wconf 88' lang='lat' dir='ltr'><strong>significat</strong></span> <span class='ocrx_word' id='word_1_310' title='bbox 939 4200 1093 4263; x_wconf 91' lang='lat' dir='ltr'><strong>addendis</strong></span> <span class='ocrx_word' id='word_1_311' title='bbox 1109 4222 1221 4264; x_wconf 88' lang='lat' dir='ltr'><strong>earum</strong></span> <span class='ocrx_word' id='word_1_312' title='bbox 1234 4219 1290 4282; x_wconf 79' lang='lat' dir='ltr'><strong>pro</strong></span> 
     </span>
     <span class='ocr_line' id='line_1_38' title="bbox 135 4301 1290 4390; baseline 0.004 -28"><span class='ocrx_word' id='word_1_313' title='bbox 135 4301 319 4365; x_wconf 90' lang='lat' dir='ltr'><strong>nominibus</strong></span> <span class='ocrx_word' id='word_1_314' title='bbox 341 4305 569 4386; x_wconf 87' lang='lat' dir='ltr'><strong>personalibus.</strong></span> <span class='ocrx_word' id='word_1_315' title='bbox 603 4305 655 4368; x_wconf 89' lang='lat' dir='ltr'><strong>Fit</strong></span> <span class='ocrx_word' id='word_1_316' title='bbox 676 4306 736 4369; x_wconf 91' lang='lat' dir='ltr'><strong>hoc</strong></span> <span class='ocrx_word' id='word_1_317' title='bbox 756 4305 918 4388; x_wconf 87' lang='lat' dir='ltr'><strong>infigendo</strong></span> <span class='ocrx_word' id='word_1_318' title='bbox 940 4306 976 4369; x_wconf 90' lang='lat' dir='ltr'><strong>in</strong></span> <span class='ocrx_word' id='word_1_319' title='bbox 995 4318 1125 4370; x_wconf 90' lang='lat' dir='ltr'><strong>vetusta</strong></span> <span class='ocrx_word' id='word_1_320' title='bbox 1147 4306 1290 4390; x_wconf 80' lang='lat' dir='ltr'><strong>linguaet</strong></span> 
     </span>
     <span class='ocr_line' id='line_1_39' title="bbox 135 4403 1290 4490; baseline 0.007 -24"><span class='ocrx_word' id='word_1_321' title='bbox 135 4403 169 4466; x_wconf 93' lang='lat' dir='ltr'><strong>in</strong></span> <span class='ocrx_word' id='word_1_322' title='bbox 191 4405 315 4487; x_wconf 87' lang='lat' dir='ltr'><strong>passivo</strong></span> <span class='ocrx_word' id='word_1_323' title='bbox 337 4419 463 4472; x_wconf 88' lang='lat' dir='ltr'><strong>tantum</strong></span> <span class='ocrx_word' id='word_1_324' title='bbox 479 4410 527 4490; x_wconf 93' lang='lat' dir='ltr'><strong>(in</strong></span> <span class='ocrx_word' id='word_1_325' title='bbox 547 4410 709 4475; x_wconf 87' lang='lat' dir='ltr'><strong>hibernica</strong></span> <span class='ocrx_word' id='word_1_326' title='bbox 724 4412 819 4476; x_wconf 88' lang='lat' dir='ltr'><strong>etiam</strong></span> <span class='ocrx_word' id='word_1_327' title='bbox 834 4411 868 4474; x_wconf 91' lang='lat' dir='ltr'><strong>in</strong></span> <span class='ocrx_word' id='word_1_328' title='bbox 885 4411 969 4474; x_wconf 88' lang='lat' dir='ltr'><strong>verbi</strong></span> <span class='ocrx_word' id='word_1_329' title='bbox 987 4413 1181 4476; x_wconf 86' lang='lat' dir='ltr'><strong>substantivi</strong></span> <span class='ocrx_word' id='word_1_330' title='bbox 1197 4408 1290 4475; x_wconf 81' lang='lat' dir='ltr'><strong>fonnis</strong></span> 
     </span>
    </p>
   </div>
   <div class='ocr_carea' id='block_1_3' title="bbox 0 0 1452 4980">
    <p class='ocr_par' dir='ltr' id='par_1_4' title="bbox 0 0 1452 4980">
     <span class='ocr_line' id='line_1_40' title="bbox 0 0 1452 4980; baseline 0 4"><span class='ocrx_word' id='word_1_331' title='bbox 0 0 1452 4980; x_wconf 95' lang='lat' dir='ltr'><strong> </strong></span> 
     </span>
    </p>
   </div>
  </div>
 </body>
</html>
