2896 4980
434 352 463 414 I.
496 358 524 413 l.
569 370 710 419 neuma
727 371 749 414 n
767 371 962 416 arsnnurca.
1240 357 1280 417 55

92 600 94 605 Ι
156 529 248 597 brues,
277 531 353 583 ante
381 519 505 583 vocales
534 519 671 596 seilicet,
696 519 834 603 liquidas
855 530 888 583 et
902 523 1022 606 antes
1043 522 1204 585 interdum
1218 532 1280 586 ets

149 639 291 689 emortuam
298 673 308 702 ,
330 625 365 688 in
379 625 505 688 casibus
519 624 577 702 iis,
596 626 652 709 qui
665 637 739 709 post
758 626 883 690 solitam
903 628 1035 690 sormam
1050 627 1085 691 in
1102 639 1277 691 ceterorum

146 751 265 795 sonorum
291 730 517 815 aspirationem
543 731 728 794 admittunt.
767 731 851 794 Fieri
871 732 931 795 hoc
961 733 996 796 in
1018 733 1100 815 sing.
1126 754 1223 795 masc.
1247 743 1280 796 et

143 849 223 900 narn.
238 837 379 920 genitivo
401 846 434 899 et
454 835 578 912 dativo,
603 836 638 899 in
652 836 737 919 plur.
754 858 852 900 masc.
869 836 1082 914 nominativo,
1107 849 1139 902 et
1153 839 1188 901 in
1202 839 1277 901 lem.

140 943 201 1026 sing.
216 942 412 1006 nominativo
426 951 460 1004 et
474 940 590 1017 dativo,
606 963 624 1003 e
638 943 854 1024 paradigmate
869 943 994 1006 articuli
1012 944 1144 1027 patebit.

204 1051 316 1111 Forma
336 1048 398 1110 ΝΤ
414 1047 491 1109 item
512 1044 547 1107 in
568 1046 675 1111 formis
697 1048 941 1112 coalescentium
960 1049 1185 1131 pronominum
1206 1069 1281 1111 curn

137 1155 347 1238 praepositione
366 1153 401 1217 ia
421 1151 514 1214 obvia
526 1161 589 1227 est,
607 1153 664 1214 sed
679 1162 747 1216 tum
755 1201 766 1230 ,
790 1177 865 1216 cum
879 1154 1070 1238 praepositio
1085 1153 1280 1217 construitur

137 1282 193 1323 cum
210 1259 406 1323 acemativo:
429 1257 494 1320 inte
509 1256 558 1338 (in
572 1279 653 1332 cam,
671 1258 762 1340 sem.)
784 1260 840 1342 Sg.
860 1265 901 1322 δ’.
927 1260 1021 1324 inlesi
1034 1259 1092 1341 (gl.
1109 1259 1144 1323 in
1164 1259 1279 1342 ipsam)

138 1365 178 1447 Sg.
197 1370 278 1428 199⁸.
304 1359 393 1425 209⁸.
417 1362 500 1425 intio
520 1362 568 1444 (in
584 1367 651 1444 eos)
675 1365 731 1448 Sg.
752 1370 793 1427 7¹.
820 1366 881 1428 Ml.
900 1371 963 1428 21¹.
983 1371 1046 1428 28⁰.
1078 1367 1160 1428 Inde
1179 1375 1213 1427 et
1227 1385 1280 1426 ex-

138 1471 305 1552 sputamen
319 1490 377 1551 pro
392 1468 502 1530 ceteris
516 1469 675 1553 personis:
694 1470 809 1533 entiam
824 1469 872 1552 (in
887 1475 969 1552 me),
987 1471 1114 1535 intiana
1130 1470 1179 1551 (in
1193 1472 1278 1550 nos),

140 1574 195 1638 iatit
208 1574 255 1656 (in
270 1578 333 1656 te),
351 1574 431 1637 inae
446 1574 495 1654 (in
510 1578 598 1656 ros),
622 1575 697 1639 iratis
713 1575 761 1657 (in
776 1579 882 1656 eum),
901 1599 982 1659 quae
996 1599 1062 1640 non
1077 1575 1186 1639 obviae
1201 1574 1281 1637 mihi

140 1678 345 1743 incedicibus.
382 1678 519 1742 Articuli
540 1680 640 1743 forma
660 1680 769 1743 durior
797 1681 846 1745 iat
866 1682 989 1745 obtinet
1007 1693 1082 1745 ante
1103 1681 1225 1745 vocales
1247 1680 1282 1743 in

141 1783 205 1867 sing.
220 1807 305 1848 nom.
323 1784 448 1868 generis
462 1784 642 1861 masculini,
656 1784 692 1848 in
706 1806 769 1868 quo
783 1796 856 1869 post
870 1786 995 1850 articuli
1008 1787 1142 1850 formam
1155 1785 1282 1849 solitam

142 1888 317 1952 narratur
331 1902 434 1953 status
449 1891 548 1953 durus
570 1911 791 1953 consonarum.
824 1891 959 1955 Videtur
974 1914 1048 1974 ergo
1060 1893 1161 1955 forma
1175 1889 1283 1953 durior

142 1994 206 2058 ain
218 2017 251 2058 se
265 1997 427 2059 continere
441 1996 707 2079 significationem
724 1996 858 2060 actionis
874 1998 993 2078 (monis
1009 1998 1044 2060 in
1058 1999 1202 2081 praep),
1219 2005 1281 2059 sta-

144 2107 181 2160 tus
197 2101 316 2167 duriet
334 2100 458 2183 generis
479 2100 665 2176 masculini,
688 2101 813 2164 mollior
835 2103 881 2164 nd
901 2112 1008 2164 autem
1021 2101 1139 2184 passivi
1154 2099 1283 2184 (quietis

143 2200 304 2288 inpraep.),
325 2205 505 2269 infectionis
520 2217 552 2269 et
565 2205 690 2287 generis
705 2207 861 2269 feminini.

206 2312 395 2374 Addendum
414 2321 479 2386 est,
503 2311 634 2373 sormam
655 2311 781 2374 articuli
802 2311 851 2375 int
871 2312 967 2375 etiam
993 2312 1134 2375 obtinere
1161 2332 1284 2392 semper

145 2414 190 2478 iere
202 2416 313 2499 (rarius
335 2415 496 2479 invenitur
511 2416 582 2497 ind)
596 2427 672 2478 ante
686 2438 703 2479 s
718 2417 915 2481 debilitatam
931 2418 980 2481 vel
996 2429 1033 2481 ut
1047 2419 1160 2481 dieunt
1174 2416 1282 2479 morti·

146 2521 247 2586 latum
268 2523 303 2585 in
330 2521 478 2584 omnibus
504 2522 629 2584 casibus
653 2521 750 2584 trium
770 2545 940 2605 generum,
964 2523 999 2586 in
1020 2524 1135 2605 quibus
1157 2522 1216 2586 ind
1236 2532 1285 2584 est

145 2639 200 2690 arte
219 2627 341 2691 vocales
362 2627 521 2710 (exempla
541 2626 577 2688 in
591 2627 716 2710 artic.);
740 2630 988 2710 comparandum
1004 2640 1127 2706 tamen,
1153 2629 1239 2711 quod
1253 2637 1285 2690 et

145 2734 277 2810 particula
296 2734 356 2797 iad
374 2733 408 2795 in
430 2732 657 2815 compositione
676 2736 807 2815 (vetunt.
830 2735 908 2816 gall.
925 2736 1034 2816 ande)
1050 2737 1088 2798 fit
1109 2736 1159 2799 int
1179 2745 1284 2798 antea

145 2834 326 2903 inficiendum
340 2838 502 2922 sequentis
517 2838 601 2902 vocis
618 2838 671 2921 (ef.
688 2843 845 2922 compos.)

208 2945 307 3008 Hisce
333 2944 472 3027 liquidae
496 2967 519 3007 a
543 2943 774 3008 mutationibus
795 2956 946 3029 poterunt
968 2946 1042 3010 addi
1061 2946 1179 3008 femiae
1200 2943 1287 3007 verbi

143 3050 315 3114 substantivi
329 3072 402 3113 cum
417 3049 641 3132 conjunctione
656 3073 713 3112 cen
728 3051 945 3114 coalescentis:
964 3051 1087 3125 condid,
1105 3048 1223 3112 condid
1236 3051 1288 3129 (ut

141 3153 196 3236 ait);
218 3156 368 3239 disjungo
393 3167 501 3218 autem
523 3177 617 3218 usum
637 3176 727 3231 eum,
754 3178 817 3239 quo
839 3156 874 3218 in
896 3155 998 3218 verbis
1019 3153 1200 3237 compositis
1221 3174 1288 3216 non

139 3260 225 3324 alum
244 3272 318 3345 post
338 3261 528 3344 particulam
547 3284 616 3336 con,
634 3263 690 3325 sed
710 3261 807 3324 etiarn
821 3273 894 3344 post
908 3261 997 3337 alias,
1015 3271 1054 3323 ut
1067 3283 1118 3336 no,
1133 3259 1194 3343 so,
1209 3258 1283 3342 ser,

132 3362 198 3442 snb,
215 3377 253 3429 ut
272 3366 375 3449 magis
396 3367 520 3450 possint
541 3366 751 3430 animadverti
770 3365 959 3449 pronomina
974 3365 1147 3448 infigenda,
1165 3364 1287 3428 inditur

137 3469 309 3555 msyllnba,
327 3494 408 3555 quae
428 3475 466 3536 fit
485 3472 581 3536 etiam
598 3481 628 3536 te
642 3496 716 3536 cum
730 3493 860 3557 pracpp.
879 3494 946 3549 eon,
962 3473 1046 3555 fris,
1063 3472 1203 3536 excussis
1217 3494 1240 3535 n
1255 3480 1287 3533 et

136 3594 154 3650 r,
166 3586 254 3655 cote,
263 3577 378 3661 frete,
392 3599 450 3660 pro
464 3579 587 3654 conde,
596 3579 736 3662 fraeda.
761 3579 811 3640 De
826 3577 886 3640 hoe
901 3601 963 3642 usu
977 3578 1060 3642 infra
1075 3578 1159 3641 inter
1173 3598 1287 3661 prono-

136 3683 210 3746 mina
225 3684 401 3766 infigenda.

207 3791 249 3852 N
255 3788 378 3873 liquida
388 3791 512 3853 vocales
523 3801 556 3854 et
567 3789 686 3853 medias
699 3791 883 3853 antecedere
894 3789 941 3853 ita
952 3800 1049 3866 amat,
1065 3801 1103 3853 ut
1114 3790 1210 3853 etiam
1222 3789 1291 3851 sine

136 3893 232 3978 aliqua
252 3915 366 3970 causa,
389 3905 422 3957 et
437 3907 474 3958 ut
488 3896 649 3979 superflua
661 3895 713 3971 sit,
734 3894 842 3958 addita
856 3895 1050 3958 inveniatur.
1077 3896 1151 3957 Hoc
1166 3893 1294 3975 quidem

135 4017 190 4063 non
214 4001 442 4064 affirmandum
464 4003 504 4064 de
519 4001 672 4084 exemplis
687 3999 753 4063 his:
777 4002 841 4064 rad
854 4002 915 4064 iade'
931 4001 1046 4083 (gratia
1061 3998 1143 4079 dei),
1161 3999 1295 4061 dochum

136 4107 204 4169 adse
215 4107 272 4187 (ad
286 4106 411 4186 deum),
425 4127 494 4168 aere
508 4108 586 4169 adde
598 4108 699 4186 (amor
714 4105 778 4186 dei)
794 4106 869 4168 Wb.
887 4102 929 4168 1‘¹.
948 4110 1010 4167 10¹.
1027 4109 1087 4165 12⁶.
1105 4102 1188 4166 eliab
1202 4109 1296 4165 ansae

137 4214 234 4288 (mons
257 4211 353 4292 Ossa)
375 4212 431 4294 Sg.
451 4217 515 4274 63¹.
540 4211 644 4274 {atain
671 4208 750 4273 mois
772 4212 860 4289 (cum
881 4214 960 4289 est),
978 4230 1042 4270 am.
1071 4206 1219 4290 apameae
1246 4209 1298 4288 (ut

135 4322 206 4397 orat)
224 4318 301 4380 Wb.
324 4313 387 4378 17⁵.
407 4313 460 4378 24⁶
470 4342 479 4391 3
496 4340 518 4381 n
541 4315 666 4380 articuli
687 4313 773 4377 enirn
788 4314 840 4377 hie
855 4313 1052 4383 velerelativa
1065 4312 1201 4377 residua.
1235 4313 1298 4378 sed

135 4434 279 4486 neutrum
295 4421 329 4484 in
345 4420 411 4486 his:
427 4421 587 4506 quidimse
601 4421 657 4485 dae
671 4430 802 4485 nerum
816 4422 886 4502 (oro
897 4421 995 4483 mum
1009 4441 1065 4503 pro
1078 4424 1123 4501 te)
1141 4420 1215 4482 Wb.
1231 4415 1296 4481 27⁴.
