2896 4980
235 336 256 394 2
735 337 763 397 I.
809 356 896 399 eoru.

235 505 330 567 etiam
353 504 497 566 codicum
518 515 697 566 nostrorum
713 502 811 566 seculi
826 502 904 566 noni
919 501 1134 584 scriptoribus.
1144 502 1161 536 ‘
1189 505 1291 587 Apud
1305 507 1400 569 Cam-

235 611 305 672 bros
333 630 458 692 quoque
484 608 748 673 circumferuntur
768 617 911 671 vetustae
932 606 1096 669 literarum
1118 607 1254 686 formae,
1279 609 1400 674 similes

302 948 315 973 ⁰
333 945 374 1000 cf.
387 945 499 1016 praefat.
513 946 546 999 de
565 945 624 1000 cod.
640 944 816 1015 sangallensi.
840 944 969 998 Inventor
988 943 1134 1015 scripturae
1152 944 1181 999 in
1199 946 1294 1001 codice
1306 956 1397 1002 vetere

235 1031 373 1084 hibernico
392 1030 583 1100 (O’Donovan‚
603 1030 750 1084 Grammat.
771 1028 857 1099 lingu.
875 1028 981 1081 hibern.
1000 1029 1152 1083 introduct.
1173 1030 1316 1096 XXVIII,
1336 1040 1394 1086 not.

235 1116 259 1183 e)
280 1114 377 1167 dicitur
392 1114 493 1181 Oyma,
507 1114 635 1167 Elatheni
652 1113 732 1166 filius.
764 1112 901 1183 Scriptura
920 1112 1025 1182 ogmiea
1043 1114 1143 1171 codicis
1159 1114 1207 1183 Sg.
1228 1121 1271 1168 est
1290 1117 1397 1185 generis

235 1199 350 1251 maxime
367 1198 515 1250 communis
537 1198 608 1266 ejus,
629 1198 702 1267 quod
719 1197 842 1268 depingit
859 1196 965 1249 O’Don.
981 1196 1096 1265 (Introd.
1110 1197 1226 1267 XLVII)
1240 1205 1269 1250 et
1279 1198 1396 1269 appella·

234 1289 292 1334 tum
305 1281 370 1333 dicit
385 1281 489 1348 Ορίιοαι
501 1282 597 1333 creabi
612 1281 811 1352 (“virgulare”‚
832 1281 855 1333 si
867 1279 969 1333 scilicet
982 1280 1117 1349 jacentem
1135 1298 1152 1333 a
1163 1280 1273 1334 sinistra
1284 1282 1320 1335 ad
1332 1282 1395 1335 dex·

234 1372 302 1417 tram
321 1365 545 1417 combinationem
564 1381 671 1419 omnem
690 1365 719 1418 in
737 1364 821 1418 altum
842 1362 971 1427 ersxeris;
992 1362 1098 1428 emer,
1112 1365 1214 1434 arbor).
1239 1365 1393 1419 Estautem

234 1448 323 1518 potius
336 1447 436 1499 lineare
454 1448 504 1501 hoc
523 1465 623 1517 genus,
643 1465 703 1501 cum
717 1448 752 1501 ed
764 1446 862 1500 lineam
879 1455 950 1500 recte
963 1447 1071 1500 ductam
1082 1456 1176 1518 utpote
1188 1447 1394 1503 fundamentum

235 1531 269 1584 ab
281 1539 395 1599 utraque
407 1539 490 1599 perte,
505 1531 575 1582 infre
587 1538 614 1583 et
626 1549 720 1601 supra,
735 1532 849 1585 lineolae
861 1533 941 1595 item,
956 1532 985 1584 in
996 1531 1070 1583 vario
1082 1548 1194 1585 numero
1207 1540 1235 1584 et
1246 1532 1395 1586 directione

234 1614 308 1666 varia
319 1613 409 1665 literas
421 1615 508 1667 varias
520 1615 701 1684 designantes,
715 1616 892 1679 adhaereant,
907 1632 972 1684 quas
984 1615 1114 1667 linearum
1132 1615 1270 1669 catenulas
1283 1617 1328 1669 dei
1339 1618 1394 1688 Ορ-

233 1697 280 1749 mii
293 1697 423 1750 catenulis
435 1698 524 1751 forsan
536 1698 632 1767 aliquis
644 1700 845 1768 comparaverit.
872 1700 915 1752 De
928 1698 978 1751 deo
987 1698 1084 1767 Ogmio
1096 1697 1173 1769 plura
1184 1698 1315 1769 leguntur
1322 1701 1394 1772 apud

233 1782 382 1834 Lucienum
398 1782 450 1852 (od.
465 1783 548 1835 Dind.
560 1801 586 1853 p.
596 1784 748 1852 598.599.),
759 1784 805 1853 qui
817 1801 879 1836 eum
891 1783 957 1835 dicit
968 1782 997 1834 in
1009 1782 1095 1851 figura
1108 1782 1233 1836 Herculis
1245 1783 1392 1854 depictum,

233 1872 351 1919 attamen
371 1884 492 1919 sermone
510 1874 614 1920 tantum
627 1874 654 1920 et
672 1864 843 1939 persuasione
862 1866 974 1930 sortem,
995 1882 1100 1929 senem,
1119 1866 1271 1920 trahentem
1286 1868 1393 1921 turbam

233 1950 363 2002 catenulis
381 1951 469 2003 eureis
486 1959 514 2003 et
531 1951 661 2005 succineis
680 1970 694 2004 e
711 1952 805 2020 lingua
816 1968 865 2003 sue
877 1949 964 2002 ductis
976 1949 1012 2001 ad
1023 1966 1100 2001 aurea
1112 1949 1266 2003 auditorum
1278 1951 1394 2005 libenter

232 2035 411 2103 sequentium.
437 2037 481 2088 En
493 2035 606 2089 Luciani
625 2036 707 2089 verba
719 2035 841 2105 graviora
852 2034 924 2105 ipsa:
951 2030 1007 2086 Τὸν
1015 2031 1150 2105 Ἡρακλέα
1168 2034 1195 2086 ol
1204 2038 1308 2088 Κελτοὶ
1321 2030 1392 2105 Ὄγ-

229 2136 313 2188 μιον
330 2115 494 2189 ὀνομάζουσι
513 2123 592 2192 αωνῆ
610 2123 643 2193 τῆ
660 2121 809 2191 ἐπιχωρίῳ,
829 2114 859 2172 τὸ
879 2118 910 2170 δὲ
929 2116 1002 2178 είδος
1018 2120 1066 2170 τοῦ
1077 2122 1146 2171 θεοῦ
1158 2114 1234 2172 πάνυ
1245 2114 1393 2173 ἀλλόκοτον

229 2199 378 2272 γριὶιςουσι.
398 2208 487 2275 γέρων
498 2205 575 2258 ἐστὶν
587 2201 680 2263 αὐτοῖς
692 2206 719 2262 ἐς
731 2201 761 2256 τὸ
774 2204 899 2272 ἔσχατον.
911 2240 917 2254 .
928 2240 934 2255 .
947 2204 995 2255 aul
1004 2197 1098 2254 πάντα
1108 2203 1221 2272 μᾶλλον,
1231 2196 1248 2270 ἢ
1257 2200 1392 2274 Ἠρακλέα

230 2286 301 2339 εῖναι
314 2281 348 2340 ἂν
361 2284 505 2347 εἰκάσειας.
525 2285 593 2341 ἀλλὰ
605 2291 651 2340 καλ
664 2292 786 2347 τοιοῦτος
794 2280 832 2339 ὢν
842 2288 898 2356 ἔχει
909 2281 985 2357 ὅμως
993 2282 1043 2351 τῆν
1053 2283 1152 2352 σκευήν
1161 2290 1209 2338 τοῦ
1218 2285 1391 2359 Ἡρακλέους.

229 2373 276 2422 nal
293 2368 346 2440 γὰρ
367 2369 415 2435 τήν
433 2372 573 2445 διφθέραν
589 2374 706 2437 ἐνῆπται
725 2370 774 2437 τήν
792 2375 840 2424 τοῦ
859 2375 979 2432 λέοντος,
997 2373 1045 2422 καὶ
1064 2370 1095 2422 τὸ
1114 2368 1238 2442 ῥόπαλον
1249 2371 1391 2446 ἐχειέντῆ

230 2454 315 2520 δεξιᾷ,
325 2457 372 2506 καὶ
385 2453 432 2508 τὸν
443 2455 569 2527 γωρυτὸν
581 2453 764 2527 παρήρτηται,
772 2459 819 2508 eal
832 2453 862 2508 τὸ
876 2453 955 2517 τόξον
966 2455 1146 2525 ἐντεταμένον
1157 2451 1317 2527 ήᾶριστερδ
1326 2476 1391 2527 προ-

232 2538 364 2592 δείκνυσι.
383 2542 429 2590 ιιαλ
447 2534 508 2598 ὅλος
522 2536 658 2608 Ἡρακλῆς
670 2539 728 2593 ἐστι
737 2578 831 2593 .....
846 2537 927 2609 ὁγὰρ
939 2536 974 2605 δή
986 2542 1075 2611 γέρων
1083 2536 1218 2609 Ἡρακλῆς
1232 2538 1335 2600 ἐκεῖνος
1347 2537 1391 2594 ἄν·

228 2618 355 2693 θρδπων
373 2619 509 2692 πάμπολύ
527 2642 554 2676 τι
574 2627 682 2689 πλῆθος
699 2623 782 2687 ilari,
802 2625 837 2678 ἐν
860 2628 928 2678 τοῖν
952 2618 1052 2678 ὅταν
1073 2617 1201 2682 ἅπαντας
1218 2621 1388 2693 δεδεμένους.

229 2703 320 2777 δεσμὰ
333 2705 615 2777 δέείσίνοίσειραλ
633 2709 765 2761 λεπταὶ
780 2710 920 2780 χρυσοῦ
936 2710 995 2760 ιιαλ
1011 2705 1184 2779 ῆλέιιτρου
1200 2707 1389 2779 εἰργασμένοι,

228 2785 325 2860 ὅρμοις
336 2791 451 2844 ἐοικυῖαι
464 2797 521 2850 τοῖς
531 2795 688 2852 καλλίστοις
766 2793 882 2865 ηαιδρολ
895 2791 1011 2845 ἕπονται
1021 2794 1069 2845 aral
1079 2788 1230 2861 γεγηθότες
1242 2827 1297 2857 ...,
1309 2789 1390 2846 (otni-

228 2892 273 2933 τες
285 2872 549 2946 ιἰχθεσθησδμενοις,
559 2878 584 2928 εί
595 2873 763 2942 λυθήσονται
774 2914 826 2928 ....
840 2873 936 2946 οὐγὰρ
949 2877 1020 2945 ἔχων
1032 2874 1046 2929 ὁ
1059 2870 1202 2948 ζωγράφος
1214 2868 1282 2929 ὅθεν
1293 2873 1389 2943 ἐξάψει

228 2958 277 3020 τὰς
295 2964 350 3013 τῶν
369 2960 482 3032 δεσμῶν
501 2957 600 3029 ἀρχὰς,
620 2952 668 3013 ἅτε
688 2963 735 3026 τῆς
753 2961 845 3021 δεξιᾶς
860 2961 913 3032 μέν
931 2956 983 3026 ήδη
1003 2956 1033 3013 τὸ
1052 2956 1184 3032 ῥόπαλον,
1205 2962 1254 3025 τῆς
1268 2963 1348 3020 λαιιῖς
1359 2959 1388 3013 δέ

228 3043 258 3098 τὸ
278 3044 357 3108 τόξον
374 3043 501 3115 ἐχούσης,
515 3042 659 3117 τρυπήσας
678 3048 726 3097 τοῦ
742 3047 810 3099 θεοῦ
828 3041 890 3110 τήν
912 3047 1075 3113 γλοῖτταν
1097 3037 1224 3114 ἄκραν,
1249 3043 1279 3105 ἐξ
1300 3044 1390 3098 ἐνεί-

227 3149 289 3197 νης
311 3133 529 3201 ἑλκομένους
545 3127 645 3189 αὐτοὺς
660 3130 790 3195 ἐποίησε,
808 3131 855 3181 καὶ
867 3128 1059 3197 ἐπέστραπται
1072 3128 1102 3181 δέ
1114 3129 1153 3187 είς
1166 3125 1229 3188 τοὺς
1240 3126 1390 3200 ιἰγομθους

225 3217 343 3285 μειδιιιῖν
345 3252 439 3268 .....
453 3211 557 3273 Κελτὸς
569 3214 603 3266 δέ
614 3233 655 3274 τις
666 3209 820 3282 παρεστὼς,
831 3250 854 3264 ..
869 3209 1024 3282 φιλόσοφος
1032 3211 1111 3282 οἶμαι
1125 3208 1158 3264 τὰ
1175 3209 1323 3286 ἐπιχώρια,
1335 3209 1389 3283 lyei

228 3316 280 3360 σοι,
299 3301 361 3367 ἔφη,
381 3291 401 3349 e}
415 3302 487 3360 ξένε,
501 3295 576 3350 λύσω
590 3302 638 3363 τῆς
648 3301 758 3368 γραφῆς
771 3293 800 3347 τὸ
814 3300 939 3368 αίνιγμα.
953 3334 960 3348 .
975 3333 982 3348 .
996 3334 1003 3348 .
1023 3294 1085 3350 τὸν
1106 3293 1210 3365 λόγον
1234 3295 1338 3367 ἡμεῖς
1357 3298 1389 3350 οί

226 3384 355 3434 Κελτοὶ
378 3378 430 3449 οὗχ
453 3375 565 3452 ὥςπερ
589 3379 688 3451 ὑμεῖς
710 3380 742 3431 οδ
765 3375 924 3446 ’Έλληνες
946 3378 1073 3451 Ἑρμῆν
1097 3377 1252 3450 οἰόμεθα
1283 3381 1387 3448 εῖναι,

227 3460 296 3517 ἀλλ’
313 3462 483 3533 Ἠρακλεῖ
498 3462 607 3516 αὐτὸν
624 3459 827 3535 είιιοὲζομεν,
846 3459 888 3518 ὅτι
903 3463 980 3535 παρὰ
991 3464 1061 3518 πολὺ
1073 3462 1233 3536 τοῦἙρμοῦ
1249 3463 1389 3538 ίσχυρό·

227 3566 327 3617 τερος
344 3534 453 3607 οὗτος.
479 3551 505 3599 εἰ
520 3549 550 3601 δέ
562 3552 651 3619 γέρων
669 3553 834 3613 πεποίηται,
853 3547 892 3621 μή
904 3547 1068 3621 θουμάσης·
1086 3546 1197 3621 μόνος
1213 3545 1280 3620 γὰρ
1301 3547 1317 3602 δ
1339 3547 1389 3602 λό-

225 3652 287 3702 γος
303 3633 339 3685 ἐν
355 3628 444 3702 γήρᾳ
462 3635 539 3700 φιλεῖ
549 3632 642 3697 ἐντελῆ
652 3632 865 3686 ἐπιδείκνυσθαι
878 3633 927 3699 τήν
936 3625 1066 3705 elephas.
1075 3670 1081 3687 .
1091 3629 1157 3693 ὖςτε
1169 3635 1195 3686 εί
1207 3636 1274 3686 τοῖν
1290 3627 1392 3687 ὅταν

225 3717 484 3788 ἐνδεδεμένους
502 3713 584 3776 τοὺς
600 3713 820 3788 ἀνθρώπους
837 3716 925 3789 πρὸς
943 3716 1003 3784 τήν
1026 3714 1325 3787 γλῶττανὸγέρων
1342 3704 1390 3771 οὗ·

227 3821 272 3860 τος
292 3799 465 3870 Ἡρακλῆς
489 3798 503 3853 ὀ
527 3797 630 3869 λόγος
653 3799 736 3863 ἕλκει,
760 3801 831 3871 μηδὲ
849 3806 929 3856 τοῦτο
952 3800 1115 3875 θαυμάσῃς,
1136 3798 1217 3861 είδολς
1241 3797 1292 3866 τήν
1309 3796 1390 3855 ὤτων

224 3887 272 3938 rat
294 3882 416 3953 γλώττης
444 3889 606 3954 σιγγένειοιν
608 3923 700 3938 .....
715 3883 794 3939 τὸδὲ
816 3889 880 3940 ολον
903 3890 950 3940 καλ
974 3883 1059 3940 αὐτὸν
1080 3883 1159 3958 ἡμεῖς
1183 3883 1232 3938 τδν
1251 3882 1391 3958 Ἡρακλέα

225 3968 317 4040 λόγῳ
341 3968 374 4023 τὰ
399 3968 518 4023 πάντα
547 3968 732 4041 ἡγούμεθα
760 3967 1032 4042 ἐξεργάσασθαι
1057 3967 1168 4038 σοφὸν
1190 3965 1393 4041 γενόμενον

224 4059 282 4108 nai
301 4062 429 4108 πειθοῖ
451 4053 491 4108 τὰ
516 4059 669 4108 πλεῖστα
692 4052 904 4123 βιάσασθαι.
922 4058 970 4108 eal
987 4054 1065 4124 τάγε
1082 4057 1145 4122 βέλη
1164 4051 1250 4106 αὐτοῦ
1267 4051 1391 4124 ολλδγοι

226 4142 298 4193 eicie
315 4140 394 4211 οίμαι
412 4138 483 4201 ὀξεῖς
498 4144 546 4193 aet
563 4134 689 4209 εὔστοχοι
700 4143 748 4192 καὶ
761 4145 853 4208 ταχεῖς
863 4141 909 4192 καλ
923 4136 972 4199 τὰς
983 4138 1077 4209 ψυχὰς
1089 4136 1296 4211 τιτρώσκοντες.
1319 4158 1392 4194 πτε-

179 4268 185 4275 .
226 4220 324 4291 ρόεντα
337 4228 403 4292 γοῦν
417 4223 450 4277 τὰ
463 4226 516 4290 ἔπη
528 4228 574 4277 καὶ
589 4222 666 4295 ὑμεῖς
676 4241 748 4293 φατε
761 4222 840 4277 εἶναι.
855 4227 976 4277 τοσαῦτα
986 4226 1039 4296 μὲν
1048 4221 1062 4277 δ
1071 4218 1184 4282 Κελτός.
1198 4220 1392 4291 Ogmiusdeus

224 4323 289 4376 ergo
308 4309 437 4362 sermonis
452 4307 561 4381 (Ερμῆς
570 4336 606 4353 --
617 4309 714 4378 sermo)
728 4308 809 4361 sImul
828 4317 856 4362 et
866 4309 1013 4379 saplentiae
1027 4306 1126 4380 (σορὸς
1137 4303 1313 4378 γενόμενος),
1334 4324 1392 4378 quo

114 4468 117 4473 Ι
224 4399 338 4463 utroque
357 4392 387 4445 fit
404 4394 489 4447 victor
506 4395 642 4458 omnium,
663 4400 695 4446 ut
706 4391 847 4446 Hercules.
873 4395 898 4446 Δ
910 4408 976 4446 roca
987 4393 1092 4448 hibern.
1106 4394 1210 4462 ορίιοοι,
1230 4390 1338 4461 oetam,
1359 4392 1392 4446 in
