2896 4980
274 319 315 383 ΙΙ.
334 323 364 382 2.
404 337 663 383 urcurnsrronrs
679 337 888 383 runnnnrcsr
902 338 991 382 ormo
1006 337 1119 381 error.
1215 316 1277 381 243

434 608 608 680 CAPUT
648 607 948 682 SECUNDUM.

480 812 538 883 De
556 811 715 884 nominis
731 811 902 884 flexione.

370 1016 403 1085 I.
460 1014 644 1087 Nomen
679 1013 1011 1087 hibernicum.

538 1214 580 1277 A.
613 1212 849 1277 Deelinetio.

203 1413 238 1477 In
252 1423 379 1477 vetusta
392 1411 505 1496 lingue
519 1411 692 1489 hibernica,
707 1433 788 1496 quse
802 1412 975 1477 formarum
989 1409 1128 1475 nominis
1143 1412 1277 1478 varieta-

146 1522 187 1580 tm
202 1540 347 1602 magnam
368 1517 505 1582 servavit
523 1538 623 1601 eaque
644 1517 739 1601 longe
754 1529 883 1602 superat
897 1517 993 1581 etiam
1008 1516 1151 1600 ejusdem
1165 1519 1277 1583 aetatis

143 1624 310 1700 enbrimm,
328 1633 378 1686 est
396 1621 517 1706 duplex
538 1622 720 1687 declinandi
737 1625 823 1700 ordo,
842 1645 979 1707 quorum
993 1623 1079 1706 prior
1094 1625 1134 1687 ob
1148 1646 1277 1708 praeva-

141 1722 213 1792 lentes
236 1729 271 1795 iu
296 1727 488 1791 flexiomlrus
509 1727 633 1791 vocales
653 1728 755 1811 possit
774 1728 838 1791 diei
862 1728 1038 1804 moeliens,
1062 1730 1215 1812 posterior
1236 1732 1277 1794 ob

88 1802 96 1947 'l
140 1835 327 1912 praevalentes
361 1854 515 1897 consonas
541 1833 797 1897 consonanticus.
840 1835 891 1898 Ad
918 1835 1011 1897 illum
1035 1833 1197 1916 pertinent
1223 1835 1276 1898 ad·

88 1960 92 1991 ι
137 1933 234 2017 jective,
252 1961 334 2023 quae
349 1961 414 2002 non
429 1938 593 2022 proprium
606 1940 737 2002 modum
753 1949 941 2023 sequuntur,
956 1939 1042 2002 utin
1057 1939 1128 2002 aliis
1143 1938 1275 2023 linguis,

88 1996 92 2127 l
140 2060 206 2125 egr.
228 2044 409 2128 germanion
430 2054 463 2108 et
484 2043 601 2108 slnviea
607 2067 617 2121 3
641 2045 797 2129 posterior
818 2047 894 2108 ordo
920 2043 1066 2128 proprius
1090 2053 1139 2106 est
1159 2043 1277 2107 solum·

88 2134 95 2233 l
139 2149 206 2213 mdo
219 2148 438 2226 substantivis,
450 2171 510 2213 nee
522 2160 588 2212 tam
599 2150 774 2213 numerosis
786 2171 883 2233 quem
898 2148 932 2211 in
948 2149 1061 2232 priore.
1088 2148 1130 2210 In
1141 2158 1276 2231 utroque

141 2254 221 2319 ordine
239 2255 365 2320 vocales
385 2253 561 2318 flexionum
581 2265 658 2318 sunt
678 2255 744 2319 sive
764 2264 925 2331 externae,
942 2254 977 2317 in
998 2255 1063 2317 fine
1078 2254 1273 2330 accedentem,

142 2356 186 2422 sive
195 2359 346 2437 internae,
360 2361 466 2424 locum
481 2370 672 2443 occupantes
687 2372 761 2424 ante
777 2380 948 2424 consonam
961 2359 1196 2435 terminantem,
1211 2358 1276 2422 sive

143 2466 293 2531 estredieis
315 2464 381 2529 sive
401 2464 615 2530 derivationis.
649 2466 735 2530 Sunt
753 2487 846 2549 porro
861 2476 894 2528 et
908 2465 1108 2530 substantiva
1122 2465 1276 2548 quaedam

143 2563 317 2656 dseepmdo
332 2591 352 2634 e
365 2570 466 2634 solitis
481 2571 663 2634 declinandi
676 2571 779 2634 modis
794 2571 937 2655 proprias
952 2571 1068 2635 formas
1084 2571 1273 2647 evolventia,

143 2671 176 2733 tel
186 2677 333 2743 anomala.

543 2867 665 2938 Ordo
696 2866 838 2961 prior.

199 3061 403 3126 substantiva
424 3074 456 3127 et
478 3063 632 3147 adjectiva
653 3065 778 3148 generis
797 3064 966 3128 masculini
987 3077 1019 3128 et
1041 3064 1185 3128 neutrius
1201 3087 1275 3127 eon·

143 3164 241 3231 munt
262 3168 298 3231 in
318 3168 528 3244 flexionibus3
554 3169 754 3233 substantiva
775 3181 807 3232 et
823 3169 976 3253 adjectiva
990 3170 1115 3255 generis
1130 3169 1274 3233 feminini

88 3314 91 3341 ι
142 3280 190 3333 ⁸uos
198 3272 337 3357 proprios
348 3275 459 3338 modos
472 3286 660 3357 sequuntur.
686 3275 831 3338 Exhibeo
842 3275 982 3359 primum
994 3277 1122 3340 schema
1133 3274 1276 3338 omnium

141 3366 290 3442 delirandi
311 3380 489 3455 modorum,
510 3400 589 3462 quos
609 3379 680 3444 dico
701 3380 807 3458 series,
831 3383 1037 3465 proponendo
1058 3381 1275 3465 paradigmate

140 3489 178 3552 1¹¹⁰
187 3504 382 3568 quocumque
390 3508 400 3560 3
417 3485 557 3567 produco
568 3484 643 3548 dein
655 3486 855 3551 substantiva
866 3486 932 3550 sive
943 3486 1099 3569 adjectiva
1109 3486 1276 3571 probantia

140 3574 226 3653 f⁰¹ms
247 3589 390 3674 cujusvis
410 3589 501 3653 seriei
523 3589 575 3653 hie
598 3591 769 3674 expositas,
787 3590 852 3654 sive
874 3591 970 3656 etiam
985 3592 1152 3657 varietates
1167 3614 1275 3657 earum

140 3685 282 3774 ⁰fferentia,
301 3717 342 3759 ex
356 3694 434 3779 ipsis
450 3695 621 3759 eodieibus.

88 3894 90 3899 ¹
203 3902 447 3966 Declinatio
468 3902 702 3965 masculina
723 3915 763 3966 et
784 3904 950 3988 generis
972 3905 1177 3968 neutrius.

198 4070 437 4157 Peredigmnts:
462 4074 492 4135 1.
517 4073 581 4136 oble
596 4072 740 4156 (socius).
768 4073 961 4155 Exemplum
976 4071 1072 4156 hujus
1088 4073 1179 4137 seriei
1194 4073 1275 4136 deri·

137 4175 234 4255 latum,
257 4200 287 4242 e.
304 4199 354 4263 gr.
379 4177 485 4243 echire
508 4177 653 4259 (mulio),
679 4178 786 4242 tectire
806 4179 1050 4262 (dispensator),
1075 4181 1189 4242 addere
1209 4200 1275 4241 non

137 4270 184 4337 (θῶ
196 4284 403 4349 necessarium
417 4283 555 4359 videtur,
573 4305 669 4366 quam
684 4284 718 4346 in
734 4283 939 4367 sequentibus
955 4284 995 4347 ob
1011 4283 1152 4347 internas
1161 4283 1277 4368 iflexio·

136 4371 172 4437 ⁰5⁸
183 4390 307 4454 vocales.
340 4391 389 4453 11.
415 4389 609 4471 Exemplum
628 4410 694 4453 non
716 4390 894 4453 derivatum
909 4390 977 4453 loll
990 4391 1206 4474 (membrum),
1224 4392 1275 4454 de·

1011 4491 1073 4552 ἰδ’
