2896 4980
194 347 257 412 12.
284 364 695 413 111101111111111111111
711 365 923 412 raonoaarrs
939 368 1153 414 earnrrrvan.
1212 354 1274 416 203

140 517 269 602 aspiratur
281 529 353 601 post
366 538 387 580 r
400 515 543 580 articuli.
563 537 603 578 ar
617 514 690 594 c’ha',
707 537 765 580 aar
779 516 843 580 c’hi
855 517 983 602 (canis),
999 540 1039 581 ar
1053 519 1193 584 a’amek
1209 523 1275 603 (ru-

139 645 195 707 pas3
216 624 294 706 plur.
311 623 387 686 fem.
411 645 431 685 a
455 621 540 704 sing.
564 621 719 704 karrelr),·
742 622 920 687 masculina
949 626 1105 708 quaedam
1126 648 1218 710 porro
1240 627 1275 692 in

138 729 228 812 plurali
241 728 420 792 destituunt
434 735 606 790 consonam
621 727 835 791 inchoantem

92 856 94 866 ·
200 841 227 897 2.
250 837 329 899 Post
343 831 591 909 substantivum,
609 832 637 895 si
652 832 795 916 sequitur
811 835 1071 900 substantivum
1062 859 1097 899 rn
1120 837 1272 920 genitivo.

92 936 94 1011 i
136 941 339 1005 cambriae:
364 939 437 1002 mod
459 938 574 1022 clydm
595 939 695 1020 (filius
715 939 783 1022 Cl.)
769 943 794 1022 ),
814 939 918 1003 breint
930 941 1099 1021 portlaacr
1121 943 1276 1022 (officium

135 1046 251 1129 portarii)
266 1047 356 1109 Mab.
379 1052 407 1120 1,
428 1051 456 1105 1.
473 1065 514 1107 on
531 1045 602 1106 mab
618 1065 703 1107 mam
719 1044 847 1125 (unicus
862 1046 949 1109 filius
963 1048 1089 1131 matris)
1108 1056 1136 1124 1,
1157 1054 1186 1110 2.
1210 1049 1273 1111 blo·

135 1151 176 1215 dea
188 1150 393 1236 morcdopyoa
410 1149 481 1232 (flos
495 1150 641 1234 equitum
649 1173 659 1226 3
678 1150 774 1226 blod„
792 1149 884 1233 iem.)
903 1158 931 1227 1,
951 1156 1024 1214 241.

92 1318 96 1327 ,
197 1256 386 1322 Cornice:
422 1255 553 1320 mairter
578 1256 700 1318 medion
727 1257 976 1339 (paedagogus),
1005 1259 1181 1322 aaoedvar
1207 1279 1276 1321 mor

136 1362 257 1446 (pirata),
281 1382 373 1424 necor
393 1360 462 1424 duit
488 1360 731 1444 (dispensator),
756 1360 960 1425 debrcncltt’ct
973 1363 1051 1444 plui
1071 1365 1272 1447 (presbyter),

138 1467 169 1530 tt
181 1468 252 1532 tacit
265 1466 390 1550 (allex),
405 1467 466 1529 den
481 1488 587 1529 ooacor
601 1466 740 1549 (cliens),
751 1466 913 1549 pueiduur
928 1468 1018 1532 codor
1032 1469 1198 1552 (aerarius)
1211 1471 1275 1533 Vo-

138 1574 185 1636 ab.
199 1573 267 1636 mab
290 1573 335 1636 du
355 1570 456 1652 (filius
477 1571 543 1653 dei)
559 1574 650 1636 Pasa.
668 1572 711 1655 sq.
736 1593 780 1656 yn
801 1570 913 1635 haaow
934 1574 978 1638 du
1001 1574 1049 1655 (in
1064 1577 1194 1638 nomine
1208 1574 1274 1657 dei)

138 1683 175 1755 tt,
190 1687 214 1742 1.
228 1699 322 1763 mysac
329 1699 456 1762 peynya
471 1677 674 1760 (magnitudo
687 1677 846 1758 dolorum)
864 1685 902 1739 59
907 1726 916 1755 ,
935 1687 966 1741 4.

197 1782 406 1848 Armorica
432 1781 510 1844 item
517 1806 527 1857 3
549 1781 652 1846 inficit
674 1794 782 1846 tamen
803 1783 914 1866 lingua
933 1784 1086 1850 hodierna
1107 1797 1180 1868 post
1202 1786 1275 1848 sub·

139 1889 284 1953 saravum
298 1886 424 1972 generis
438 1886 603 1950 feminini:
615 1909 705 1969 poan
721 1889 800 1952 bean
816 1889 918 1969 (dolor
934 1891 1072 1974 capitis).

199 2002 226 2059 11.
249 1997 330 2058 Post
356 1991 544 2056 numeralia.
583 1993 806 2071 Cambrice,
830 1997 970 2077 exceptis
994 1998 1072 2073 dau,
1097 1998 1180 2081 dwy,
1204 2007 1277 2079 post

140 2101 198 2180 quad
210 2111 313 2165 statiis
327 2098 512 2174 destitutus,
530 2108 625 2181 atque
642 2099 686 2162 tm'
699 2101 826 2181 (masc.)
842 2112 873 2162 et
889 2101 991 2176 chace,
1008 2113 1082 2184 post
1097 2123 1178 2183 quae
1193 2101 1275 2184 aspi·

138 2206 194 2268 ratio
205 2205 350 2270 tenuium
366 2205 520 2288 sequitur,
537 2215 611 2287 post
625 2216 728 2268 cetera
742 2204 865 2269 omnia:
887 2227 929 2269 vn
944 2207 1015 2269 mab
1032 2206 1160 2288 (unicus
1175 2206 1275 2288 filius)

139 2307 201 2375 lab.
216 2320 243 2387 1,
259 2317 289 2374 2.
308 2313 370 2376 teir
384 2312 501 2396 blyned
514 2313 591 2393 (tres
607 2309 697 2392 anni)
718 2318 746 2387 1,
763 2315 814 2373 21.
831 2317 881 2373 26.
893 2333 997 2393 pomp
1012 2333 1152 2396 morsoyn
1168 2310 1274 2394 (quin-

139 2434 180 2495 que
195 2418 342 2501 puellae),
361 2426 436 2481 cant
455 2416 633 2480 morchcwc
655 2418 800 2498 (centum
820 2418 957 2500 equites)
976 2424 1004 2494 1,
1024 2423 1097 2479 250.
1118 2422 1190 2478 280.
1223 2416 1275 2479 Ita

139 2528 234 2604 etpost
255 2523 300 2587 tri
317 2534 351 2586 et
370 2523 465 2599 chace,
483 2523 511 2586 si
530 2545 596 2586 non
619 2522 763 2605 sequitur
785 2523 908 2586 tenuisz
936 2524 981 2588 tri
999 2523 1177 2588 marclawc
1199 2524 1275 2604 (tres

140 2625 246 2711 uuas)
265 2637 293 2706 1,
314 2635 388 2692 237.
419 2628 493 2691 Alia
508 2628 653 2710 exempla
668 2629 728 2691 sub
743 2629 972 2693 numeralibus.

196 2734 372 2799 Cornica
394 2734 600 2797 concordant:
619 2755 658 2797 ora
673 2734 801 2796 marrek
816 2736 914 2814 (unus
929 2734 1034 2816 miles)
1050 2736 1140 2797 Pasa.
1157 2738 1229 2810 217,
1245 2740 1273 2794 1.

141 2836 233 2914 1111.
251 2850 299 2904 ter
310 2840 436 2925 paceyth
451 2839 566 2921 (tribus
581 2839 717 2922 vicibus)
736 2845 786 2916 18,
804 2844 834 2900 2.
851 2840 1134 2920 permamanet,
1148 2859 1276 2920 peewar

141 2956 219 3029 morey
232 2948 384 3029 (quatuor
396 2944 529 3027 milites)
548 2951 618 3022 190,
639 2949 669 3007 2.
689 2950 762 3021 241,
780 2952 811 3007 4.
823 2966 926 3028 pymp
940 2944 1023 3028 myli
1035 2943 1191 3025 (quinque
1205 2941 1276 3004 mil·

141 3039 179 3126 lia)
191 3055 258 3127 227,
278 3056 309 3112 2.
320 3050 476 3139 pymtltelr
484 3058 582 3131 pater
598 3049 793 3132 (quindecim
807 3060 898 3133 pater
912 3052 1033 3129 noster)
1050 3052 1123 3121 228,
1145 3053 1173 3106 1.

197 3154 434 3219 Armoricae
457 3157 571 3219 modus
591 3154 780 3238 generaliter
795 3154 889 3230 idem,
908 3153 1048 3237 exceptis
1071 3151 1190 3214 scilicet
1204 3172 1275 3232 pro-

141 3253 297 3332 medabus
326 3260 516 3344 quibusdam
543 3260 715 3324 hodiemaa
742 3260 887 3343 linguae,
917 3281 998 3342 quaa
1026 3258 1102 3321 facit
1130 3254 1276 3323 tenuium

142 3361 336 3442 “pirationem
349 3389 415 3430 non
431 3368 534 3430 solum
548 3378 621 3450 post
637 3366 690 3442 tri,
705 3367 760 3430 sed
775 3366 872 3431 etiam
886 3375 958 3449 post
971 3363 1030 3429 teir
1045 3363 1162 3444 (fem),
1175 3381 1277 3442 petar

142 3461 249 3554 (mtto),
272 3474 376 3555 pedor
395 3472 512 3554 (fem),
530 3494 602 3548 nco,
626 3482 659 3534 et
683 3471 762 3534 mire
788 3482 903 3535 tractat
928 3470 1048 3534 medias
1070 3470 1088 3531 b
1109 3480 1182 3552 etp
1205 3478 1277 3551 post

138 3585 205 3657 ΜΡ
222 3587 254 3641 et
274 3577 347 3654 dell,
365 3588 533 3660 utramque
553 3577 730 3661 provehens
751 3577 785 3639 in
801 3588 930 3640 tenuem
944 3588 1017 3660 post
1038 3596 1158 3657 pemp:
1178 3595 1276 3654 pomp

138 3673 518 3766 rtie’t(qui11quevaceae;
538 3682 662 3765 dioc’la),
674 3705 772 3765 pomp
784 3683 852 3745 aad
862 3684 1016 3766 (quinque
1028 3683 1149 3764 lepores
1156 3704 1165 3754 3
1181 3679 1274 3761 qod),

141 3781 275 3852 ledurearra
285 3788 473 3872 provehens,
489 3788 620 3851 alteram
631 3788 807 3851 destituens
818 3801 892 3871 post
906 3789 986 3851 dek:
1003 3786 1063 3849 dek
1074 3787 1142 3848 aad
1155 3785 1277 3864 (decem

141 3875 259 3978 leperes),
278 3894 341 3958 dele
354 3894 443 3956 oloaz
459 3895 582 3975 (decem
597 3893 699 3976 anni).

202 4006 228 4062 4.
253 4002 333 4064 Post
353 3998 542 4082 pronomina
557 4000 722 4080 quaedam.
757 4001 783 4063 C
790 3999 974 4063 ambrico.
1007 3999 1041 4076 c)
1064 3997 1142 4059 Post
1155 4012 1277 4074 posses-

140 4090 186 4163 1111
207 4106 349 4170 absoluta
371 4104 468 4167 trium
488 4125 695 4187 personarum
715 4105 848 4189 pluralis
870 4101 995 4167 numeri
1018 4123 1077 4175 aaa,
1101 4096 1206 4173 awclt,
1225 4117 1274 4162 eu.

138 4192 160 4276 l)
176 4207 245 4275 Post
258 4211 439 4297 personalia
454 4211 553 4273 infixa
571 4218 599 4272 1.
614 4232 696 4293 pers.
712 4209 794 4293 sing.
808 4212 872 4286 Μ.,
887 4208 970 4292 plur.
985 4207 1029 4282 N,
1046 4210 1076 4266 2.
1093 4222 1176 4287 pers.
1190 4200 1276 4283 plur.

138 4298 192 4391 ΟΠ,
205 4322 233 4380 3·
246 4338 331 4402 pers.
346 4316 429 4400 sing.
444 4328 477 4379 et
490 4316 574 4399 plur.
589 4316 629 4393 Ε,
644 4316 685 4391 S;
711 4319 741 4399 o)
762 4326 836 4399 post
845 4311 1021 4397 possessiva
1035 4310 1135 4373 infixa
1149 4314 1177 4369 1.
1191 4327 1275 4390 pers.

136 4407 199 4503 ⁸5¹¹ss-
214 4425 275 4502 Μ.,
292 4425 378 4508 plur.
396 4423 441 4498 N,
460 4428 491 4485 2.
507 4444 591 4507 pers.
609 4423 694 4506 plur.
712 4422 788 4498 CH,
807 4428 837 4483 3.
854 4440 938 4502 pers.
956 4417 1040 4501 plur.
1058 4416 1086 4479 E
1107 4411 1278 4498 (excipitur
