2896 4980
136 352 197 413 540
303 348 370 411 III.
390 354 420 410 2.
453 367 593 410 vannum
610 366 843 411 nmnnnnmun
859 365 1133 410 sunsranrrvun.

135 519 220 601 quod
242 538 308 580 non
330 517 402 593 suit,
421 517 442 579 i.
461 538 489 579 e.
508 515 678 598 quominus
699 514 741 578 sit
755 514 887 599 impleta
901 515 971 599 ejus
986 515 1171 598 voluntas);
1194 528 1239 579 est
1251 527 1282 579 ta·

135 622 261 706 menso
276 622 372 684 etiam
386 621 420 683 in
435 632 600 703 praesente
615 619 811 683 secundario.

220 726 376 788 Armoriei
390 726 552 809 praeteriti
575 732 605 787 3.
623 746 757 808 persona
771 725 897 807 saepius
919 725 1058 788 occurrit
1073 724 1110 787 in
1125 725 1228 788 Buh.:
1247 749 1283 807 pe·

137 854 224 895 recrea
244 854 300 894 eoa
317 834 413 914 (quae
427 852 523 893 eausa
537 830 612 910 fuit)
631 837 681 906 74,
704 836 752 891 15.
777 837 869 892 sanct
881 852 939 893 eoa
954 830 1070 894 hanan
1087 832 1229 910 (sanctus
1242 830 1285 892 suit

138 937 203 1017 hic)
221 940 294 1013 208,
314 941 365 998 20.
391 957 462 999 aem
483 936 536 998 boe
558 943 632 1019 quet
652 936 745 998 dram
754 935 814 1019 sea
837 938 917 1016 (non
939 934 1002 998 fuit
1022 934 1117 1012 mihi,
1133 957 1191 1018 per
1209 936 1283 997 fidcn

138 1064 252 1119 meam,
271 1043 453 1124 argentum)
473 1046 543 1116 158,
563 1047 594 1101 3.

474 1279 672 1361 Tempora
699 1277 964 1340 secundaria.

225 1462 432 1524 Praesens.
465 1463 580 1526 Forma
594 1462 751 1526 cambriea
773 1484 803 1525 a.
828 1461 920 1544 Sing.
938 1462 1090 1544 frequens
1105 1461 1141 1524 in
1157 1483 1219 1525 usu
1232 1483 1287 1524 eon·

135 1563 274 1647 junctivi
295 1565 345 1627 vel
367 1567 608 1631 conditionalis:
626 1567 687 1650 pei
700 1568 786 1631 town
801 1566 968 1631 urattedic
983 1567 1023 1649 (si
1039 1589 1147 1631 essem
1161 1568 1289 1630 vulnera·

140 1673 206 1749 tus)
220 1670 309 1732 Mab.
326 1676 356 1746 2,
371 1677 423 1734 25.
439 1693 509 1755 paor
524 1695 544 1735 a
558 1672 609 1735 oei
618 1674 729 1759 qystol
741 1695 779 1735 aa
793 1673 835 1756 ef
843 1672 904 1752 (vir
916 1672 971 1755 qui
982 1685 1067 1736 esset
1078 1673 1166 1736 idem
1177 1694 1213 1734 ae
1224 1672 1290 1753 ipse)

140 1775 228 1837 Mab.
250 1782 278 1850 1,
300 1782 349 1838 18.
373 1797 488 1841 motzae
502 1799 551 1859 pa
563 1778 663 1862 fforcl
679 1778 729 1841 vei
747 1778 855 1864 byaay
871 1778 936 1860 (dio
955 1779 1115 1861 quomodo
1136 1790 1217 1840 esset
1231 1777 1292 1854 hoc)

145 1885 174 1955 1,
195 1886 246 1942 19.
263 1881 300 1943 ni
312 1882 537 1967 oymdt'daaem
552 1906 573 1946 a
590 1883 638 1946 tta·
651 1906 712 1968 any
728 1883 777 1946 bei
791 1882 896 1946 lesteir
911 1886 983 1962 (nos
999 1883 1293 1965 colloqueremurte

140 2005 225 2061 curn,
243 1984 271 2047 si
290 2007 355 2049 non
377 1998 461 2049 esset
483 1986 761 2072 impedimentum)
780 1994 809 2064 1,
829 1995 858 2050 5.
891 1988 981 2052 Plur.
1003 1994 1031 2050 1.
1049 2009 1135 2071 pers.
1153 1987 1292 2050 indicat:

137 2091 248 2175 qwedy
269 2113 290 2174 y
315 2092 403 2176 heym
418 2094 507 2155 uedeo
521 2118 542 2179 y
558 2093 683 2178 deaeiy
698 2093 849 2178 tythreal
861 2096 1044 2177 (postquam
1059 2114 1188 2155 eramus
1202 2091 1296 2154 anino

140 2194 244 2270 lictae,
262 2196 350 2260 venit
365 2199 513 2280 daemon)
532 2206 560 2275 1,
579 2205 631 2260 36.

225 2301 257 2362 b.
282 2322 334 2363 am
349 2312 454 2387 wmot
465 2303 610 2390 yapyhyt
622 2326 661 2366 ao
677 2327 698 2389 y
715 2303 787 2366 bum
800 2326 821 2388 y
835 2311 893 2387 pyt
905 2325 926 2365 a
939 2299 1031 2365 edwi.
1049 2301 1168 2367 atreid
1179 2304 1241 2388 apd
1249 2322 1296 2387 pta

139 2426 161 2488 y
183 2413 284 2468 oraot.
308 2407 404 2488 aphet
424 2408 537 2494 hydron
552 2406 622 2473 aoet'
634 2407 706 2492 ltwy
721 2409 838 2471 anawd
850 2406 1008 2492 oydcipm
1023 2428 1045 2490 y
1060 2416 1154 2469 οντιοὶ
1168 2411 1297 2490 (propter

140 2510 226 2590 quod
246 2531 333 2572 eram
355 2522 421 2574 tam
442 2512 498 2575 diu
512 2514 687 2588 vobiscum,
705 2524 753 2575 est
768 2513 897 2575 difficile
911 2512 992 2574 mihi
1007 2533 1082 2574 eum
1097 2533 1253 2595 superare,
1268 2520 1294 2571 et

140 2613 167 2674 si
182 2634 283 2676 essem
299 2615 436 2696 longius,
452 2617 613 2681 difficilius
629 2629 711 2680 esset
725 2617 806 2679 mihi
817 2640 890 2679 eum
902 2620 1063 2699 superare)
1077 2619 1168 2680 Mab.
1187 2626 1214 2693 1,
1230 2622 1292 2676 uto.

140 2717 190 2780 tei
209 2720 307 2803 tydae
327 2721 425 2784 dlawt
444 2745 488 2807 yn
508 2724 616 2808 dyatod
628 2745 713 2808 ymo.
732 2721 933 2806 dtyaoetltaaoc
947 2723 1046 2806 oydat
1060 2721 1185 2784 bellach
1200 2743 1216 2783 o
1230 2722 1294 2803 dry-

139 2845 193 2886 sor
206 2846 227 2906 y
240 2826 354 2906 paordo
370 2847 390 2887 a
406 2826 517 2890 lcdaot
531 2828 572 2909 (si
587 2851 655 2891 cras
671 2850 792 2911 pauper
806 2849 879 2889 cum
894 2826 1009 2889 venisti
1023 2826 1088 2901 hie,
1110 2838 1223 2909 potens
1236 2827 1293 2887 fue

140 2928 182 2989 ris
204 2951 296 3011 porro
318 2930 465 2995 thesauro
480 2933 540 2995 viri
556 2933 639 3016 nigri
654 2955 749 3014 quem
764 2931 905 2994 occidisti
914 2956 923 3005 ;
948 2933 987 2993 de
1003 2932 1104 3014 dprlut
1118 2931 1152 2992 in
1168 2930 1294 2993 seeundo

140 3034 209 3095 loco
232 3035 272 3096 cs.
290 3058 322 3118 p.
344 3043 419 3117 514)
438 3045 466 3114 1,
487 3043 559 3100 272.
580 3047 666 3122 repat
687 3061 707 3100 a
727 3039 859 3100 toetsant
872 3047 910 3099 ω’
923 3037 1027 3120 Icoffci
1041 3035 1131 3099 vedio
1146 3037 1199 3098 da.
1215 3059 1235 3119 p
1249 3035 1292 3117 ty-

141 3138 194 3200 dei
213 3139 281 3224 ὀψο
303 3141 481 3220 (viderunt,
506 3143 533 3205 si
555 3143 684 3206 haberet
705 3142 864 3205 medicum
883 3143 1021 3217 bonum,
1047 3154 1133 3203 esset
1152 3142 1252 3217 viius)
1268 3147 1290 3213 1,

142 3248 215 3305 258.
241 3268 279 3307 ac
294 3247 352 3308 acal
363 3270 384 3330 y
402 3247 521 3333 dydynt
534 3270 578 3332 yn
593 3248 703 3311 tardet
716 3248 801 3332 uelly
817 3256 903 3330 roynt
917 3246 1080 3330 aplyzcynt
1092 3248 1198 3331 temps
1205 3264 1292 3308 maror

140 3351 186 3428 (et
198 3371 271 3411 curn
283 3361 389 3414 essent
399 3354 604 3434 procedentes
617 3352 673 3427 ita,
688 3352 859 3414 audiebant
867 3373 1018 3433 magnum
1029 3351 1220 3431 tunndtum)
1230 3356 1257 3424 2,
1265 3355 1289 3410 o.

226 3454 359 3516 Conriee
385 3467 417 3517 ct
440 3457 589 3518 arnrorice
613 3458 711 3519 sonna
732 3457 856 3519 brevior
878 3466 1003 3518 tantum
1026 3457 1174 3519 occurrit.
1206 3457 1289 3519 Com.

140 3558 241 3639 sing.:
267 3558 366 3639 ἧψαν
388 3559 501 3621 hadel
515 3582 590 3622 acon
613 3584 647 3623 oe
663 3563 753 3625 larler
769 3562 845 3642 (acsi
862 3583 962 3650 esseni
978 3561 1073 3641 latro)
1090 3564 1182 3623 Pass.
1203 3568 1250 3635 74,
1268 3566 1290 3618 4.

141 3662 294 3726 droktlecn
316 3685 348 3725 os
371 3663 470 3745 hepar
491 3665 546 3726 del
561 3688 612 3728 aco
628 3646 744 3747 (malus
766 3666 861 3729 homo
883 3688 916 3728 es
932 3676 969 3727 ut
984 3671 1066 3747 eras)
1086 3673 1160 3741 192,
1182 3673 1210 3728 1.
1232 3684 1292 3746 ma)

132 3769 190 3851 fes·
211 3769 311 3854 letlays
328 3771 379 3849 (ut
401 3768 443 3832 sis
465 3770 605 3847 occisuS‚
631 3771 800 3847 occidaris,
824 3782 872 3834 est
896 3770 931 3832 in
950 3792 1022 3832 mea
1042 3773 1214 3854 potestate)
1232 3774 1290 3840 144,

141 3880 171 3934 4.
198 3874 239 3936 In
256 3881 285 3936 3.
303 3896 385 3957 pers.
402 3874 503 3958 magis
519 3875 642 3937 variant
657 3877 791 3939 somnae:
809 3875 967 3938 wotewetlt
984 3877 1075 3938 tader
1090 3898 1150 3960 eye
1164 3875 1293 3953 (tendent

140 3977 219 4039 latro
241 3983 321 4060 erat)
340 3986 396 4056 38,
416 3987 446 4042 3.
470 3981 511 4065 es
525 3981 642 4064 adeps
661 4002 743 4063 pane
763 3981 872 4045 Olm'st
892 4004 935 4045 aa
957 4002 1013 4065 ape
1036 3981 1135 4065 {repis
1156 3977 1291 4064 (juravit,

140 4084 225 4163 quod
240 4104 306 4145 non
321 4084 489 4147 comitatus
504 4084 546 4148 sit
561 4085 739 4166 Christum)
756 4091 808 4160 85,
828 4093 858 4146 4.
878 4086 975 4167 paccll
987 4108 1049 4169 eya
1065 4086 1197 4166 (melius
1211 4094 1292 4155 esset,

139 4189 274 4251 vendere
296 4194 512 4272 unguentum)
531 4196 588 4265 36,
608 4197 638 4251 3.
664 4199 780 4273 mestry
801 4212 844 4273 ny
866 4211 921 4252 oea
944 4194 1024 4271 (non
1046 4202 1132 4254 esset
1152 4190 1294 4275 potestas)

145 4299 214 4368 145,
237 4300 264 4355 1.
293 4316 369 4358 osca
383 4317 404 4356 a
418 4317 454 4356 oe
468 4293 615 4380 ltrcpltys.
637 4342 644 4357 .
666 4344 672 4357 .
691 4295 798 4380 dyllas
812 4317 883 4376 poa
898 4318 919 4358 a
933 4318 968 4358 oe
979 4318 1097 4381 pereyo
1113 4293 1294 4379 moropetho

139 4417 240 4479 oyem
255 4399 377 4480 (asinus
399 4412 528 4483 paratus
549 4410 608 4476 est,
630 4448 636 4462 .
658 4448 665 4463 .
683 4422 758 4464 cum
772 4410 871 4463 strata
886 4412 952 4465 erat
966 4400 1076 4478 vestis,
1095 4402 1238 4485 equitare
1251 4420 1295 4459 so
