2896 4980
271 322 319 385 Il.
337 329 368 384 0.
415 342 515 387 reos.
535 342 623 385 aurs.
641 342 833 386 rnusousnu
848 343 1056 388 nnsosurua.
1183 325 1245 388 ³75

119 502 227 556 mmtor
239 512 337 574 quem
351 493 424 574 ego)
439 496 468 568 1,
483 497 514 554 2.
532 512 602 555 moe
615 491 730 555 miella
744 513 889 578 oyapwys
905 496 977 576 (ego
993 505 1023 556 te
1038 494 1197 577 superavi)
1213 500 1241 572 1,

118 600 167 661 119.
187 597 273 662 Perit
286 607 359 680 poet
372 597 505 658 verbum
517 596 733 660 infectionem
748 597 955 680 pronominis,
970 598 997 661 si
1008 609 1056 662 est
1067 599 1245 683 subjectum
1332 586 1334 591 ’

118 705 145 786 [p.
159 707 242 785 217);
267 722 387 786 namyn
415 723 456 764 on
483 703 554 765 mab
576 705 685 767 cedson
706 704 720 766 ι’
739 701 882 785 (nonnisi
901 703 1016 766 unicus
1038 703 1123 767 filius
1144 706 1244 787 erem)

118 807 175 871 lab.
194 817 222 885 1,
241 813 272 870 2.
296 806 405 888 ephan
422 830 444 892 y
459 807 587 890 qweleis
609 808 623 870 a·
641 810 683 893 ef
691 812 737 890 (et
757 830 830 871 oum
844 807 910 870 vidi
925 830 983 892 ego
999 810 1086 889 eum)
1102 810 1190 872 Mab.
1213 817 1241 887 1,

118 918 133 974 t.
147 914 196 998 pai
212 913 431 998 ymbynywyl
449 912 463 973 i
483 914 597 992 (donec
619 934 704 976 eram
719 935 777 997 ego
791 912 945 996 dejectus)
965 920 997 988 1,
1017 920 1047 975 9.
1079 914 1120 976 ln
1135 915 1244 977 eedem

118 1018 238 1081 ›ositione
252 1017 304 1080 vel
318 1017 353 1081 in
368 1019 433 1080 fine
447 1027 552 1100 potest
567 1038 634 1080 esse
649 1029 682 1081 et
696 1018 870 1101 objectum:
894 1027 952 1103 ayt
964 1018 1132 1103 yepeilwye
1146 1027 1244 1103 proteu

118 1122 203 1205 i(non
214 1123 363 1207 spoliavit
373 1123 441 1205 ipse
452 1125 517 1203 me)
530 1124 619 1186 Mab.
637 1129 666 1198 1,
682 1129 733 1183 10.
752 1121 939 1186 kenedlaetk
953 1122 1042 1186 cilet‘t
1053 1123 1154 1207 yesyd
1163 1131 1244 1207 qynt

118 1228 248 1314 sudoye
264 1229 336 1293 duro
351 1227 438 1291 nomi
448 1232 511 1307 (est
523 1248 625 1310 genus
640 1227 826 1290 animalium
841 1227 926 1309 quod
936 1229 1014 1290 deus
1026 1226 1114 1310 prius
1125 1226 1242 1290 creavit

118 1354 179 1414 [uun
192 1337 255 1416 me)
272 1334 361 1397 Mab.
381 1338 411 1409 2,
430 1337 504 1394 232.

170 1438 374 1523 Empbaticae
385 1437 609 1521 pronominum
619 1438 834 1520 personalium
845 1438 963 1501 formae
974 1437 1241 1520 cambricaeprae·

118 1543 191 1607 atim
204 1553 375 1607 occurrunt
389 1544 482 1618 duae,
497 1564 562 1603 una
577 1542 737 1625 duplicata
752 1542 882 1619 scilicet,
896 1544 996 1605 altere
1010 1553 1103 1606 aucta
1114 1541 1242 1626 syllabis

124 1646 249 1725 NNEU,
274 1646 394 1711 -TEU.
432 1646 565 1710 cornice
587 1656 619 1709 et
640 1647 789 1711 annotice
810 1648 1018 1712 obtinuerunt
1039 1647 1135 1711 etiam
1156 1647 1243 1711 haud

118 1751 179 1817 lubic
198 1751 351 1838 ejusmodi
373 1751 502 1827 formae,
520 1752 575 1813 sed
597 1762 673 1814 sunt
694 1752 853 1816 rarissima
873 1752 1029 1837 exempla.
1062 1754 1241 1815 Pronomen

118 1902 131 1917 ..
143 1878 213 1939 pers.
236 1856 431 1921 cambricum
450 1855 649 1938 duplicatum
664 1858 778 1921 ΜΙΜΙ
800 1858 921 1940 (mico)
947 1880 1042 1943 myuy
1063 1857 1140 1922 assit
1160 1857 1241 1920 brio-

118 1959 169 2024 lccr
181 1967 251 2048 (ego
266 1983 337 2027 sum
351 1964 525 2045 possessor)
541 1962 620 2044 Leg.
639 1966 669 2023 2.
690 1968 740 2024 11.
762 1970 810 2024 19.
836 1963 922 2046 mysi
935 1985 955 2023 a
971 1963 1101 2046 ronnas
1108 1966 1180 2044 (ego
1195 1962 1242 2025 di-

118 2061 201 2151 ddrm)
216 2069 305 2132 Mab.
326 2074 355 2142 1,
374 2072 447 2128 251.
469 2090 490 2151 y
506 2065 726 2150 lpuarclsawd
738 2066 780 2150 es
794 2067 869 2128 well
879 2067 948 2152 ymi
960 2089 1000 2131 no
1015 2067 1096 2129 mici
1108 2067 1193 2131 idaeo
1208 2068 1250 2152 es

118 2170 208 2235 melius
222 2194 274 2235 me
296 2170 447 2235 salutavit
461 2192 556 2253 quam
571 2191 629 2254 ego
644 2175 731 2253 eum)
748 2172 836 2234 Mab.
858 2177 886 2247 1,
904 2178 935 2232 4.
967 2171 1152 2254 Objectum:
1170 2193 1241 2253 poa

118 2270 222 2361 etisycla
237 2276 274 2342 di
286 2276 364 2361 cyrei
376 2275 417 2358 (si
433 2297 562 2358 quaeres
577 2279 641 2358 me)
657 2277 745 2338 Mab.
765 2282 793 2352 1,
810 2281 883 2338 273.
911 2279 1052 2339 Auctum
1066 2296 1240 2358 pronomen

118 2372 369 2463 1100119000.
386 2382 549 2462 minnou):
575 2379 704 2444 minnere
726 2403 764 2443 ae
781 2380 916 2465 quados
930 2384 1002 2463 (ego
1017 2381 1178 2463 denegabo
1193 2378 1239 2461 id)

118 2498 164 2565 eg.
179 2493 207 2549 2.
226 2494 258 2550 6.
273 2493 312 2562 2;
330 2486 445 2570 rejecta
459 2507 491 2549 m
506 2498 578 2569 post
593 2485 739 2549 verbum:
758 2488 887 2571 cdyuot,
905 2486 1073 2571 adytoedut
1087 2504 1239 2569 aoracum

118 2603 178 2655 meu
191 2595 237 2673 (et
250 2591 368 2668 venire,
385 2591 489 2654 dicere
504 2590 593 2673 coepi
608 2593 679 2674 ego)
696 2591 784 2654 Mab.
806 2597 833 2668 l,
853 2596 883 2654 5.
905 2598 954 2653 10.

167 2698 259 2762 Corn.
278 2718 391 2760 armos.
409 2697 486 2758 ME.
515 2697 632 2759 Corn:
651 2717 700 2758 me
713 2717 734 2758 a
748 2717 787 2760 ro
803 2698 874 2779 (ego
889 2696 1015 2779 faciam)
1031 2696 1122 2759 Pess.
1138 2701 1190 2771 39,
1206 2699 1236 2757 2.

118 2814 184 2886 ‘ny
201 2802 296 2887 qaffa
311 2804 384 2885 (ego
402 2821 468 2864 non
482 2799 624 2883 invenio)
644 2807 714 2876 117,
734 2809 764 2865 1.
797 2803 875 2865 Post
891 2803 1021 2864 verbum
1036 2822 1109 2864 cum
1123 2799 1239 2862 infecto

135 2917 181 2969 est
199 2907 358 2990 objectum
379 2917 417 2970 ut
432 2907 548 2969 cambr.
567 2905 617 2968 oi.-
640 2906 796 2991 bolyouqls
817 2929 852 2968 oe
867 2905 1051 2988 (sequimini
1065 2908 1130 2985 me)
1146 2905 1235 2967 Pass.

118 3008 136 3078 ²,
153 3018 178 3073 1.
202 3015 348 3075 Annon:
366 3032 416 3074 mc
429 3011 553 3074 Nonita
568 3013 640 3093 (ego
654 3010 790 3092 Nonito)
802 3010 888 3072 Buh.
905 3016 956 3085 80,
974 3017 1023 3071 19.
1041 3031 1090 3071 me
1104 3009 1239 3092 Motyon

118 3129 155 3179 ‘m
168 3121 240 3200 (ego
254 3117 467 3200 Maglocunus
482 3118 551 3196 rex)
569 3120 641 3191 208,
659 3120 709 3177 11.
728 3137 777 3178 me
792 3138 813 3178 a
826 3136 861 3178 so
876 3118 948 3197 (ego
964 3117 1048 3193 sum)
1064 3112 1107 3195 lq.

164 3222 253 3286 Plur.
271 3223 387 3284 cembr.
406 3221 476 3283 NI:
494 3243 537 3304 ny
552 3220 718 3284 cdeuedun
733 3223 805 3302 (nos
820 3219 968 3300 dicimus)
985 3220 1063 3300 Leg.
1083 3223 1112 3281 2.
1134 3224 1162 3280 1.
1182 3222 1234 3278 69.

133 3326 354 3410 cymdt’danem
369 3349 390 3388 α
406 3325 455 3388 tls·
468 3328 540 3405 (nos
555 3325 804 3408 colloqueremur
819 3328 937 3407 tecum)
953 3325 1041 3387 Mab.
1060 3330 1088 3400 1,
1104 3329 1134 3386 5.
1160 3324 1238 3386 Post

118 3428 222 3493 rhum:
242 3431 423 3515 opfaesam
438 3452 481 3515 ny
497 3430 778 3513 (enumeravimus)
795 3432 873 3513 Leg.
895 3436 922 3492 1.
944 3437 972 3492 1.
993 3437 1022 3492 3.

164 3536 296 3599 Formae
326 3534 538 3619 emphaticae:
573 3535 696 3610 NINI,
719 3535 917 3599 NINNEU:
947 3558 1033 3620 nyny
1059 3537 1236 3610 adeuedun,

118 3639 151 3702 ei
173 3642 362 3704 adeuuedun
384 3643 456 3719 (nos
477 3639 626 3718 dicimus)
646 3641 723 3722 Leg.
744 3644 773 3701 2.
795 3647 823 3702 1.
843 3646 901 3714 70;
921 3645 950 3702 2.
970 3648 1000 3702 0.
1019 3646 1049 3702 9.
1080 3663 1101 3702 α
1121 3639 1239 3703 ninneu
1309 3688 1312 3694 .

120 3765 190 3807 own
213 3744 226 3806 a·
245 3745 358 3807 wrlaau
378 3769 399 3830 y
420 3745 535 3807 arthur
557 3747 603 3825 (et
624 3766 682 3807 nos
703 3744 819 3807 ibimus
842 3756 879 3807 ut
898 3745 1070 3808 serviamus
1091 3743 1239 3824 Arthuri)

118 3849 165 3912 eb.
182 3857 212 3924 1,
227 3855 301 3912 266.
317 3871 358 3934 yr
370 3849 525 3935 ymds'dan
537 3871 636 3933 poree
650 3872 671 3912 a
686 3871 807 3935 wypom
823 3849 941 3914 ninneu
953 3849 1105 3930 (narratio
1120 3848 1239 3931 optima

118 3974 173 4016 um
186 3953 304 4017 seimus
319 3957 390 4035 nos)
408 3956 495 4018 Mab.
518 3963 546 4030 1,
567 3960 596 4017 2.

161 4060 259 4122 Corn.
276 4080 390 4122 armor.
408 4060 472 4123 Nl.
501 4062 618 4123 Corn:
636 4082 679 4144 ny
694 4081 715 4120 α
728 4059 779 4144 yll
792 4061 863 4139 (nos
879 4062 1061 4141 possumus)
1078 4059 1167 4119 Pass.
1186 4059 1235 4130 12,

128 4169 181 4240 00,
201 4171 239 4240 13
261 4176 334 4247 post
355 4166 502 4227 verbum:
530 4165 584 4228 dcl
603 4166 703 4249 redyn
723 4185 765 4248 ny
785 4186 806 4246 y
823 4163 950 4247 lyffiow
965 4165 1016 4243 (ut
1031 4162 1165 4244 legimus
1180 4182 1240 4222 nos

125 4269 228 4350 libris)
246 4274 319 4344 206,
339 4273 369 4331 2.
399 4270 543 4332 Armonz
562 4292 604 4354 ny
620 4269 787 4351 chanom'el
801 4271 872 4349 (nos
888 4267 1045 4349 canonici)
1062 4267 1146 4330 ssuh.
1167 4272 1237 4337 190,

126 4373 165 4439 m'
175 4397 210 4438 so
225 4373 391 4439 melconiet
405 4378 477 4457 (nos
492 4397 602 4438 sumus
618 4373 742 4455 afflicti)
761 4378 831 4448 120,
851 4384 881 4435 0.
