2902 4980
145 328 207 390 524
251 326 318 390 ΙΙΙ.
337 330 368 388 2.
399 346 502 389 vuum
517 346 714 390 narrauuicr
731 345 857 390 rsssrvr
872 344 1033 389 ransom
1048 344 1231 390 aarum.

145 501 182 573 2,
201 499 274 557 220.
302 516 339 556 or
359 493 488 578 myonir
509 516 548 579 oy
575 503 674 578 nyaaeot
692 493 734 574 (si
758 493 938 577 postulatur
962 492 1075 556 venire
1094 495 1163 575 me)
1182 498 1218 568 1,
1236 497 1299 557 250.

141 599 259 684 pwres’e
278 622 300 683 y
320 599 417 681 pellir
435 600 583 683 dywedut
601 598 651 661 idi
670 621 691 681 y
714 598 766 661 bot
781 620 825 682 yn
840 597 966 683 deekaf
975 619 1014 660 or
1024 599 1184 681 pwropod
1196 601 1302 680 (potest

144 704 207 767 dici
221 706 260 767 de
275 725 323 779 ea,
341 724 411 766 eam
426 724 493 766 esse
508 703 765 767 formosissimam
779 702 963 785 mulierum)
983 710 1012 779 1,
1034 711 1086 767 17.

230 830 308 891 ER:
332 828 370 892 m'
385 829 510 913 oquwa
524 851 545 912 y
561 828 643 912 ipra
652 849 723 910 pan
735 848 847 909 quaer,
865 850 904 889 ae
918 829 1044 912 oplywn
1059 853 1082 913 y
1098 852 1168 894 eron
1184 852 1252 912 pon
1265 832 1302 895 el·

146 935 267 1018 lyaper.
285 933 392 1015 ephan
407 932 596 996 deehreuoat
610 933 671 995 oleo
683 936 755 1012 (nos
771 931 936 994 audiemus
954 954 1087 1010 comus,
1109 956 1187 997 cum
1205 946 1301 998 eanta-

145 1038 242 1113 bitur,
260 1048 293 1100 et
312 1038 478 1101 audiemus
497 1059 601 1112 canes,
619 1058 692 1099 eum
715 1038 770 1099 fiet
789 1035 932 1099 dimissio
951 1047 983 1100 et
1003 1060 1080 1101 eum
1094 1038 1251 1122 incipient
1263 1040 1301 1103 la·

146 1146 243 1223 trare)
255 1148 285 1218 2,
301 1150 331 1204 0.
343 1165 414 1225 pon
430 1162 549 1225 synner
563 1139 613 1202 idi
625 1138 697 1202 terei
706 1139 742 1202 hi
755 1142 842 1218 (cum
857 1141 1071 1222 postulabitur
1084 1144 1127 1206 ab
1142 1166 1181 1207 ea
1196 1151 1301 1228 tacere)

147 1251 176 1322 2,
197 1251 269 1309 224.
302 1248 330 1311 E
346 1249 437 1329 Lag„
456 1246 511 1308 ubi
531 1244 655 1328 saepius
674 1244 851 1327 promiscue
866 1245 1050 1308 scribuntur
1064 1270 1081 1309 e
1096 1258 1131 1310 et
1144 1272 1179 1332 y,
1197 1252 1236 1313 ob
1249 1251 1300 1312 hoc

145 1351 291 1434 exempla
305 1352 443 1434 proferre
457 1351 543 1413 uolo.

230 1477 367 1539 Eaedem
397 1474 515 1537 tonnae
546 1497 620 1539 curn
652 1474 760 1537 infixis
785 1475 1042 1558 pronominibus:
1072 1480 1220 1559 peredur
1243 1482 1297 1543 uod

143 1581 264 1664 esrotoo
275 1601 328 1663 ψη
340 1579 453 1663 qelwir
467 1579 482 1641 i
494 1581 548 1660 (P.
566 1578 652 1641 filius
667 1580 707 1642 E.
725 1601 817 1643 vocor
831 1584 915 1662 ego),
926 1580 1119 1664 pwolclsmea‘
1131 1606 1186 1667 ym
1197 1585 1299 1668 peluis

143 1684 158 1746 ι’
171 1685 227 1764 (G.
242 1689 348 1764 vocor)
363 1691 392 1760 1,
408 1689 480 1746 201.
504 1685 615 1768 Etlym
628 1684 749 1767 pledff
756 1684 831 1747 cocle
844 1705 898 1767 ym
909 1684 1021 1767 pelwir
1035 1686 1089 1766 (E.
1105 1687 1208 1768 gladii
1221 1689 1298 1752 rubri

143 1793 248 1869 vocor)
264 1795 292 1865 1,
311 1793 384 1850 270.
402 1788 503 1850 idowo
518 1789 596 1850 cord
601 1788 743 1872 prydein
756 1810 809 1872 ym
821 1788 944 1871 qelwir.
962 1788 1005 1851 Iao
1019 1791 1145 1855 ondens
1156 1791 1297 1877 habyre

142 1893 254 1977 nobrey
269 1901 408 1978 poystyr
428 1893 486 1977 yth
507 1891 596 1955 elwir
617 1891 726 1956 dictes
740 1892 821 1976 oelly
837 1894 901 1973 (Id.
919 1915 947 1956 e.
965 1893 1159 1959 Britvooor.
1177 1897 1207 1959 0
1221 1896 1296 1980 prin·

142 2020 226 2080 ceps,
245 1999 326 2061 dixit
341 1999 397 2073 It,
416 2019 497 2079 quae
519 2019 624 2072 eausa,
640 1999 725 2080 quod
740 1997 859 2060 vocaris
874 1997 952 2079 int)
971 2004 1000 2075 2,
1021 2006 1095 2062 375.
1113 2000 1196 2085 nytls
1210 2002 1297 2087 elipa-

139 2102 193 2185 9a'r
208 2103 276 2186 diy
291 2124 394 2186 myssa
410 2105 489 2182 (nou
504 2100 722 2165 intromittens
739 2105 787 2182 tu)
804 2106 834 2176 2,
854 2106 926 2164 202.
942 2103 1040 2186 ydym
1055 2107 1171 2187 wyrda
1186 2105 1243 2192 ayt
1256 2116 1297 2170 tro

141 2207 363 2292 yndypyrcder
384 2211 512 2287 (sumus
538 2204 682 2282 honesti,
705 2204 858 2287 quamdiu
878 2205 1092 2285 visitabimur‚
1118 2208 1296 2273 habebimus

141 2310 296 2394 hospites)
313 2316 343 2388 2,
363 2315 436 2374 203.

226 2436 359 2499 Corniee
374 2447 407 2499 et
420 2434 570 2499 armoriee
585 2435 651 2498 sola
666 2436 736 2498 ER.
769 2437 885 2500 Corn:
903 2458 962 2519 rap
975 2459 997 2520 y
1012 2437 1120 2521 hyllar-
1134 2461 1228 2524 ervyr
1241 2440 1295 2524 day

140 2541 235 2604 scelos
251 2545 302 2619 (ut
322 2540 422 2621 possit
443 2539 634 2601 considerari
655 2551 687 2601 et
709 2540 825 2615 tideri3
849 2541 890 2603 cf.
909 2548 961 2615 00,
983 2549 1014 2603 1:
1038 2564 1081 2625 ny
1104 2565 1126 2605 a
1140 2545 1179 2627 yt
1188 2546 1295 2628 puelos

140 2646 203 2728 hoq
224 2666 327 2730 ernyr,
350 2665 407 2706 nos
428 2665 596 2727 possumus
619 2646 723 2707 videro
745 2658 777 2707 et
797 2645 1004 2721 considerare,
1022 2659 1055 2710 et
1076 2646 1163 2710 infra
1184 2649 1292 2711 infinit.

139 2750 273 2833 passiv.)
290 2752 379 2812 Pass.
397 2753 447 2824 20,
466 2756 494 2811 l.
523 2750 667 2812 Armon:
686 2748 827 2812 Dirinon
842 2773 876 2811 ez
891 2749 1014 2812 hanuet
1029 2750 1086 2830 (D.
1105 2753 1292 2827 nominatur,

140 2854 241 2933 loeus)
255 2853 339 2915 Buh.
357 2859 428 2928 148,
448 2861 497 2916 10.
515 2864 659 2935 quamam
673 2877 710 2916 on
726 2855 775 2916 dat
789 2875 863 2917 mon
878 2875 1009 2935 sparsor
1020 2857 1117 2937 (quae
1128 2857 1293 2919 mult-itudo

138 2958 173 3019 in
194 2959 253 3019 hoc
274 2959 394 3020 mundo
415 2958 566 3032 nascitur,
585 2979 681 3038 quam
702 2957 796 3019 multi
811 2960 998 3037 naseuntur)
1018 2965 1089 3035 144,
1111 2969 1141 3023 7.
1175 2963 1294 3025 Praeter

140 3063 263 3125 tertiam
285 3062 365 3124 aliae
380 3083 530 3145 personae
546 3083 601 3142 per
616 3063 748 3124 eandem
764 3062 896 3124 sennam
911 3083 985 3123 cum
998 3065 1191 3144 pronomine
1205 3065 1293 3127 infixo

138 3166 188 3228 vel
209 3166 396 3249 praemisso:
418 3176 499 3249 parat
516 3167 629 3248 quenti
648 3166 708 3229 tac
727 3187 851 3248 anquen
874 3185 921 3226 ern
943 3166 1037 3227 dener
1051 3168 1176 3246 (dolore
1196 3181 1228 3232 et
1246 3191 1293 3231 an·

136 3271 243 3354 gustis
258 3272 391 3350 crucior)
409 3278 460 3346 04,
480 3276 531 3332 22.
557 3292 577 3331 α
598 3269 688 3352 Arest
696 3269 786 3350 pt'ler
806 3290 876 3331 nem
894 3271 1005 3352 paedor
1021 3273 1109 3353 (post
1123 3272 1224 3356 pilam
1236 3294 1292 3335 nou

137 3376 257 3456 videor)
275 3383 326 3450 54,
349 3381 396 3436 12.
423 3377 550 3437 brem-an
565 3397 599 3435 ez
615 3395 780 3436 consecrer
794 3396 831 3436 ao
846 3396 880 3435 ez
896 3373 1061 3456 boelequer
1076 3379 1180 3455 (minc
1196 3397 1291 3440 conse·

136 3480 231 3541 eratis
252 3491 285 3540 et
306 3481 344 3540 fis
359 3481 534 3560 presbyter)
555 3484 625 3552 160,
647 3484 695 3539 13.
717 3484 767 3538 14.
792 3478 892 3540 drea'st
905 3499 971 3559 pap
984 3499 1053 3559 pen
1073 3479 1134 3543 boz
1152 3482 1292 3564 qoabaer

136 3592 246 3666 (supra
260 3605 386 3645 omnem
401 3604 467 3644 rem
483 3605 537 3646 vos
552 3581 754 3665 flagitamiui)
773 3588 844 3658 122,
864 3589 894 3643 9.

553 3852 859 3916 'Praeteritum

218 4037 383 4103 Cambriea
402 4036 514 4119 lingua
536 4057 610 4097 eum
631 4035 722 4119 signo
737 4035 834 4118 hujus
850 4036 999 4118 temporis
1016 4037 1045 4099 T
1059 4036 1165 4101 variat
1179 4037 1290 4100 vocales

132 4156 170 4207 ut
191 4144 225 4205 in
247 4142 349 4204 activo
370 4163 443 4202 cum
466 4141 557 4222 signo
573 4162 601 4214 a,
619 4139 664 4202 ita
684 4151 720 4202 ut
742 4140 808 4202 sint
828 4138 1067 4203 terminationes
1092 4152 1152 4219 -αἰ,
1175 4150 1228 4217 -et,
1244 4140 1288 4213 at,

132 4257 219 4332 -wyt
237 4259 274 4309 ut
288 4247 323 4307 in
337 4244 439 4307 activo
451 4266 512 4319 us,
527 4266 584 4319 -es,
600 4244 653 4319 -ia,
668 4266 769 4327 ·wys,·
785 4245 954 4327 respondet
969 4243 1068 4307 etiam
1084 4241 1290 4309 terminationi

130 4352 250 4414 activae
266 4351 354 4413 -αιειί
366 4348 491 4431 passiva
505 4358 593 4411 -awt
