2902 4980
261 328 322 392 616
422 327 489 390 ΠΙ.
508 329 538 388 2.
571 345 672 390 vnnm
687 343 884 389 nnrrannrcr
900 343 1010 388 eerrvr
1027 343 1261 388 rumnrrtvns.

346 495 443 558 Corn.
461 493 559 569 ENS,
577 492 667 576 eujus
690 514 756 556 nen
776 492 877 577 reperi
897 491 1092 574 exemplum,
1111 501 1313 575 transgressa
1327 494 1428 556 termi-

262 597 349 662 netio
371 597 406 660 in
426 597 630 680 singularem,
648 609 686 661 ut
707 617 882 681 pronomen
904 597 1059 661 suffixum
1080 619 1167 676 cna,
1189 619 1262 662 ens
1276 599 1325 682 (p.
1344 601 1424 679 366).

345 701 507 767 Armoriee
522 704 612 770 ΕΝΤ
627 702 723 767 etiam
737 702 842 766 hodie.

717 941 971 1006 Infinitivus.

348 1127 424 1190 Non
452 1124 549 1187 unius
575 1124 780 1209 ejusdemque
800 1124 1050 1201 terminationis,
1074 1125 1131 1188 sed
1151 1138 1191 1188 ut
1213 1124 1255 1188 in'
1272 1125 1412 1194 hnemin

263 1230 376 1312 lingua
386 1231 420 1293 in
432 1229 576 1313 pluribus
588 1230 696 1293 formis
708 1251 874 1314 apperens,
884 1241 990 1313 atque,
1001 1229 1029 1291 si
1040 1230 1410 1296 nonestnudusinfernr

263 1334 376 1398 radicis
397 1335 542 1411 verbalis,
561 1334 720 1398 derivatus
740 1334 828 1398 varie
846 1335 951 1399 modo.
983 1332 1094 1397 Flexio
1111 1353 1181 1397 nen
1195 1338 1406 1419 exspectandn

263 1437 389 1503 dativus
416 1438 647 1521 praepositione
667 1439 784 1503 eambr.
809 1441 904 1522 y(==
925 1439 985 1522 dy,
1011 1436 1137 1501 hibern.
1161 1438 1232 1520 de),
1255 1460 1340 1503 eorn.
1361 1440 1405 1519 ne,

264 1564 377 1605 annor.
395 1544 440 1605 da
456 1542 664 1624 significatur.
696 1544 871 1607 Adduntur
884 1542 980 1606 etiam
993 1540 1185 1625 pronomina
1199 1543 1377 1627 possesdrr.

352 1653 381 1706 1.
408 1645 594 1709 Infinitivus
618 1648 725 1710 nudus
746 1646 871 1711 radicis.
908 1647 1054 1711 Cambr.:
1085 1668 1125 1709 ee
1153 1646 1272 1710 atrae
1294 1648 1356 1732 eyd
1372 1646 1407 1711 itti

262 1773 284 1834 y
299 1748 417 1832 diedes
424 1748 462 1811 tt
473 1772 516 1833 yn
531 1771 600 1834 eyre
615 1753 661 1831 (et
675 1773 806 1833 aegrum
820 1750 880 1814 erit
895 1751 964 1827 tibi,
982 1749 1114 1813 tolerare
1129 1771 1202 1813 eam
1219 1751 1337 1829 vinrm,
1350 1763 1405 1815 ten·

264 1863 436 1939 pestatem3
454 1855 521 1917 rad.
540 1855 607 1937 des,
626 1856 707 1930 dem,
724 1855 848 1919 hibern.
867 1853 968 1937 daim)
984 1855 1073 1917 Mab.
1094 1861 1124 1930 1,
1139 1860 1171 1917 8.
1189 1876 1231 1919 ae
1243 1857 1354 1941 ymled
1363 1878 1405 1920 en

264 1957 360 2023 naeth
374 1979 414 2021 er
426 1957 519 2041 cerff
526 1960 572 2039 (et
583 1980 726 2043 pugnare
738 1959 840 2042 coepit
851 1981 925 2022 eum
935 1961 1095 2043 serpente)
1110 1964 1140 2037 1,
1156 1962 1233 2021 266.
1250 1957 1406 2044 eedpuerd

262 2062 360 2147 qwell
375 2062 518 2127 owneetlr
534 2066 581 2143 (et
602 2063 739 2127 salutare
760 2061 878 2146 eoepit)
896 2070 925 2139 1,
946 2067 1019 2125 262.
1038 2067 1112 2124 274.
1138 2062 1297 2149 apellione
1309 2061 1407 2149 pund

264 2188 401 2253 ymyren.
423 2214 430 2228 .
451 2214 459 2229 .
483 2167 576 2231 ared
600 2175 655 2231 ten
679 2188 776 2231 cerne
804 2170 851 2247 (et
876 2165 1075 2229 introducere
1100 2186 1240 2247 equum,
1265 2178 1298 2231 et
1321 2166 1407 2231 elicere

265 2269 387 2352 ignem)
405 2278 434 2346 1,
454 2277 505 2332 31.
530 2292 568 2332 ee
587 2279 704 2352 cstwnq
719 2292 758 2332 eu
772 2291 898 2351 pennen
913 2276 1071 2353 arrepunt
1085 2271 1132 2350 (et
1146 2269 1315 2337 demittere
1328 2269 1408 2353 capita

266 2379 451 2457 coeperunt)
467 2382 495 2449 1,
512 2383 542 2437 7.
574 2375 687 2437 Manet
702 2395 797 2459 -eenp,
814 2385 852 2437 ut
867 2373 992 2438 hibern.
1010 2395 1088 2458 -enq
1103 2375 1150 2459 (p.
1169 2377 1262 2457 469),
1275 2396 1331 2463 per
1343 2373 1407 2438 verbi

266 2478 382 2544 formes
397 2478 485 2541 velut
500 2477 656 2541 radicalis.

350 2584 467 2647 Corn:
484 2603 534 2663 pn
556 2604 577 2643 a
598 2603 718 2645 werras
739 2593 776 2669 pt
796 2583 883 2647 celon
899 2604 978 2646 cetos
992 2604 1036 2667 yn
1052 2580 1157 2647 delnm
1174 2582 1263 2665 (quis
1277 2584 1408 2668 posuitin

266 2687 358 2750 eorde
374 2698 430 2748 tuo
444 2684 532 2767 loqui
548 2684 625 2766 isat)
642 2687 732 2749 Pass.
751 2693 803 2763 81,
823 2695 853 2749 1.

351 2792 496 2854 Annon:
521 2812 555 2851 ec
579 2790 642 2875 dny
665 2791 707 2854 da
729 2790 808 2854 barn
830 2789 930 2871 (venit
950 2790 990 2852 ad
1006 2789 1235 2875 judicandum)
1251 2792 1336 2855 Buh.
1353 2794 1407 2865 112,

271 2903 320 2956 17.
340 2895 382 2957 de
397 2893 484 2978 elasq
500 2896 673 2975 (quaerere,
692 2895 732 2956 ed
747 2894 988 2976 quaerendum),
1007 2894 1049 2957 dc
1064 2915 1171 2977 compr
1186 2894 1304 2978 (loqui)
1319 2895 1357 2977 sq.

352 3006 383 3062 2.
407 2998 593 3061 Infinitivus
621 2996 792 3060 derivatus.
825 2999 910 3062 Sunt
931 2997 1043 3061 finales
1064 3009 1120 3061 aut
1142 3020 1319 3075 consonae,
1334 3021 1359 3061 e.
1372 3019 1409 3080 gr.

266 3102 460 3187 frequentior
483 3110 596 3165 -tcum
618 3100 749 3163 diversis
771 3101 932 3165 voeelibus
948 3102 1003 3183 (ef.
1020 3101 1145 3165 hibern.
1171 3105 1249 3181 -ad‚
1274 3106 1328 3168 ed
1338 3105 1410 3184 ete),

266 3208 397 3271 rariores
413 3230 443 3270 -e
458 3216 491 3269 et
505 3206 542 3282 ·l‚
561 3206 604 3268 -tl
622 3227 696 3268 eum
718 3205 877 3268 vocalibus
892 3229 919 3281 e,
937 3204 961 3281 i,
979 3216 1035 3268 aut
1057 3205 1153 3269 etiam
1175 3208 1354 3272 terminales
1372 3228 1413 3269 ra·

266 3312 330 3375 riae
345 3312 479 3374 vocales.
948 3364 951 3371 .

351 3414 603 3477 Terminutienes
622 3415 691 3490 AT,
711 3415 779 3490 ET,
798 3415 855 3489 IT,
874 3415 944 3489 OT,
963 3414 1034 3477 UT.
1067 3415 1217 3479 (lambet
1245 3415 1312 3480 tia
1329 3411 1416 3501 peffut

268 3517 435 3582 erderelret
449 3538 488 3579 er
502 3538 542 3600 yr
557 3540 600 3579 en
616 3539 637 3579 e
651 3528 771 3602 eynnnt
785 3520 926 3581 enudant
938 3522 988 3599 (tu
1003 3516 1158 3601 inceperis
1173 3541 1283 3583 amare
1296 3519 1417 3600 aliquem

267 3643 386 3697 eorum,
405 3642 500 3703 quam
519 3620 669 3701 volueris)
685 3622 774 3683 Mab.
791 3629 819 3697 1,
836 3626 908 3683 272.
927 3620 1211 3711 eerehymynnwys
1226 3645 1270 3707 Ψ
1283 3623 1418 3685 kiwtent·

268 3748 336 3810 repr
357 3725 478 3788 edeilet
497 3724 540 3787 tei
559 3724 732 3809 (praecepit
752 3724 873 3788 civibus
896 3724 1060 3788 aedificare
1082 3726 1208 3808 domos)
1226 3732 1266 3803 3,
1285 3731 1356 3788 236.
1377 3725 1418 3787 de

268 3831 363 3893 claren
377 3839 481 3914 yeetp
497 3829 571 3891 need
581 3827 732 3910 (incipere
746 3827 853 3890 bibere
864 3829 1017 3908 mulsum)
1033 3835 1063 3903 1,
1078 3832 1109 3890 2.
1127 3828 1186 3891 tet
1198 3828 1420 3915 diedespnelet

267 3936 351 4013 (sine
376 3934 526 3996 facultate
548 3932 690 4011 videndi)
711 3938 745 4006 1,
768 3938 817 3993 18.
841 3934 990 3997 eederdct
1007 3955 1028 4018 y
1041 3931 1140 4015 fferd
1165 3934 1367 3998 owneutdnm
1385 3936 1420 4012 (et

266 4060 395 4120 pergere
417 4038 501 4099 viam
523 4035 624 4118 coepi)
644 4043 672 4109 1,
692 4043 722 4097 3.
747 4046 872 4120 epmryt
894 4058 991 4098 cerne
1012 4039 1152 4116 (sumere
1174 4038 1296 4121 eoepit)
1312 4044 1341 4114 2,
1359 4041 1418 4097 216.

267 4143 424 4227 cpwrtltet
442 4142 551 4224 hyrrny
571 4161 667 4202 cerne
683 4143 729 4217 (et
750 4139 886 4201 refutare
906 4140 1010 4223 eoepit
1024 4139 1099 4220 hoc)
1117 4145 1148 4216 2,
1169 4146 1246 4204 372.
1270 4141 1421 4227 adpreedei

267 4267 419 4328 cerepum
435 4250 482 4324 (et
496 4245 598 4306 dicere
614 4242 727 4323 coepi),
742 4264 780 4304 ee
793 4244 971 4325 pmelteelut
985 4247 1032 4324 (et
1045 4249 1183 4327 vertere)
1199 4252 1228 4321 1,
1246 4254 1277 4309 5.
1292 4253 1322 4308 3.
1344 4243 1420 4308 Adde

267 4349 412 4431 exempla
427 4348 460 4412 in
477 4349 542 4421 EC,
562 4349 622 4408 lc:
644 4347 736 4407 redeo
750 4367 793 4427 yn
809 4368 846 4407 en
862 4348 980 4431 herbyn
997 4351 1137 4427 (currere
1153 4349 1189 4413 in
1205 4372 1317 4415 eorum
1330 4366 1419 4412 oecur-
