2896 4980
174 125 178 131 ’
240 107 305 170 ΙΙΙ.
326 110 356 168 2.
389 125 528 171 vuaauu
545 124 780 168 sarrannrcuu
797 122 1064 168 snusmnrrruu.
1174 102 1234 165 533

65 279 145 341 dum
167 274 377 361 praeteritum
397 274 584 357 primarium
606 274 733 337 additur
754 273 912 336 infinitivo
927 272 1015 335 verbi
1029 273 1128 336 sonna
1142 274 1232 337 auxi-

63 382 153 447 liaris
178 381 326 445 anomala
345 380 546 463 yconeutham
562 379 661 461 (feci),
680 401 736 462 pro
753 399 816 461 quo
831 400 924 461 saepe
939 378 1036 441 etiam
1049 378 1166 462 legitur
1177 402 1232 464 po·

58 509 183 572 ruffum
200 486 354 570 (perfeci).
385 485 540 567 Exempla
555 495 729 566 sequentur
743 484 826 546 infra
839 483 923 546 inter
938 485 1083 547 arremala
1098 487 1158 548 sub
1172 507 1232 548 nu·

57 614 154 656 mero
170 592 220 653 ΙΙ.
247 592 316 653 Nec
331 590 441 672 ignota
456 601 532 652 sunt
547 590 623 653 haee
638 590 736 653 etiam
750 589 909 652 comicae:
928 611 970 651 an
982 610 1085 671 procos
1099 612 1120 674 y
1136 613 1157 652 a
1172 612 1232 674 req

54 718 160 780 porro
181 717 251 758 rear
270 694 356 759 scoth
371 697 466 759 lesus
482 698 620 776 (crucem
642 705 819 778 posuenmt
839 716 934 778 super
953 694 1122 758 humerum
1138 697 1231 777 lesu)

58 806 159 867 Pass,
183 807 253 877 162,
273 808 302 863 3.

484 1042 609 1113 Verba
637 1040 816 1117 anomala.

153 1226 206 1288 Aa
234 1226 365 1288 verbum
392 1222 627 1287 substantivam
647 1226 803 1287 accedunt
823 1235 889 1287 tam
911 1225 1005 1286 verba
1025 1245 1098 1285 cum
1121 1226 1231 1287 eedem

62 1330 243 1413 composita
273 1351 369 1412 qnam
400 1329 463 1392 alia
487 1329 699 1411 peculiaribus
725 1329 833 1392 formis
859 1353 878 1392 a
903 1328 1014 1392 ceteris
1040 1329 1227 1393 differentia.

64 1435 243 1519 Distinguo
258 1434 401 1498 omnium
416 1433 556 1517 quinque
571 1433 709 1516 agmina.

154 1542 184 1603 Ι.
216 1541 393 1604 Verbum
426 1540 737 1602 substantivum
770 1551 893 1622 praeter
926 1543 1079 1623 quasdam
1111 1541 1231 1604 radices

63 1646 244 1731 peculiares
264 1644 433 1708 defectivas
455 1644 652 1727 significatur
672 1645 848 1708 britannice
869 1666 887 1707 e
908 1646 1012 1708 radice
1029 1647 1107 1727 A(I)
1123 1646 1230 1710 formis

63 1751 244 1828 nonnullis,
262 1750 407 1833 pluribus
421 1772 439 1811 c
454 1749 558 1811 radice
573 1752 642 1811 uA.

157 1863 186 1919 1.
210 1856 324 1919 Radici
336 1856 412 1936 Aa)
424 1854 643 1917 attribuendae
659 1853 807 1917 videntur
821 1855 938 1917 formae
953 1853 1127 1915 cambrieae
1141 1876 1230 1936 prae·

63 1961 168 2025 sentis
178 1960 321 2044 primarii
333 1970 365 2022 et
376 1958 553 2022 secundarii
565 1959 643 2043 wyf,
657 1960 775 2043 ydays
780 1971 855 2035 etc,
870 1961 989 2034 cedron,
1003 1959 1155 2041 ydoedwn
1167 1971 1227 2023 etc.

153 2067 262 2129 Praes
280 2064 372 2148 prim.
406 2063 497 2146 Sing.
518 2071 546 2126 1.
564 2086 634 2146 ps:
658 2064 713 2127 alls
734 2065 875 2149 cteytlryr
895 2065 970 2148 ceys
984 2066 1031 2146 (et
1052 2065 1229 2127 avunculus

65 2184 144 2235 tuus
159 2174 244 2252 sum)
261 2172 349 2233 Mab.
370 2176 398 2245 1,
418 2175 490 2230 247.
516 2170 603 2233 limet
623 2169 699 2253 roff
713 2171 854 2249 (Luneta
876 2174 961 2247 snm)
980 2176 1008 2244 1,
1029 2175 1079 2231 31.
1104 2169 1161 2253 hys
1178 2169 1229 2232 lac·

64 2276 131 2341 dieo
152 2275 273 2361 ydropfi
292 2299 336 2359 yn
359 2275 502 2356 derparu
524 2278 638 2356 (usque
659 2273 752 2336 hodie
774 2295 845 2336 sum
867 2295 994 2357 parans,
1019 2278 1108 2358 paro)
1127 2282 1155 2352 1,
1175 2282 1226 2338 25.

65 2388 98 2444 2.
115 2402 220 2464 pers:
244 2380 308 2464 hyn
325 2402 395 2463 pter
409 2390 473 2464 ayt
487 2379 604 2461 (senior
619 2379 666 2442 vir
680 2383 727 2461 es)
747 2387 775 2455 1,
795 2385 825 2441 2.
842 2402 919 2464 pay
935 2388 999 2464 wyt
1013 2379 1097 2463 (quis
1113 2380 1179 2462 esi)
1197 2386 1226 2458 2,

64 2494 142 2549 215.
165 2508 205 2571 yr
223 2486 309 2570 hyan
331 2486 439 2569 ydwyl
458 2507 522 2568 yny
542 2472 677 2566 peissun>
693 2485 739 2564 (id
754 2487 839 2566 quod
853 2507 886 2547 es
901 2494 1069 2567 quaerens)
1089 2493 1116 2560 1,
1136 2494 1166 2547 5.
1197 2494 1226 2548 3.

62 2614 170 2677 pers:
199 2612 269 2653 mae
294 2590 444 2674 mee-*yllus
459 2589 576 2672 plureis
596 2589 725 2672 apatrafi
743 2612 793 2672 yw
815 2588 851 2650 la·
869 2592 978 2670 (qnam
1000 2590 1137 2653 maxime
1158 2612 1229 2653 amo

63 2696 249 2773 mulierum,
267 2707 315 2759 est
329 2698 379 2776 ea)
395 2702 423 2770 1,
441 2701 490 2756 17.
507 2717 528 2778 y
543 2694 671 2778 rydlaau
685 2703 716 2756 ot
729 2693 814 2777 ydiw
828 2693 1011 2779 ypkarehar
1026 2695 1183 2776 (liberare,
1202 2696 1229 2759 si

63 2812 115 2866 est
138 2801 173 2863 in
192 2804 328 2883 earcere)
346 2808 375 2876 1,
395 2805 446 2862 22.
469 2808 527 2863 erat
547 2799 633 2882 ydiw
649 2801 748 2881 (qnod
762 2821 828 2861 non
842 2799 964 2879 existit)
982 2804 1011 2877 2,
1032 2806 1104 2863 213.
1137 2802 1226 2865 Ρ1111.

67 2915 98 2969 1.
116 2928 219 2989 pers:
245 2907 406 2969 cennadeu
423 2926 476 2988 ym
491 2903 528 2967 ni
540 2927 561 2987 y
574 2927 640 2987 pan
656 2904 744 2967 erbe'n
759 2904 870 2985 (legati
885 2926 995 2967 sumus
1010 2907 1050 2967 ab
1066 2907 1121 2987 E.)
1138 2908 1225 2969 Mab.

65 3017 98 3088 2,
120 3017 171 3072 28.
194 3019 252 3074 nel
272 3009 390 3093 wrthyt
408 3009 435 3072 tr'
453 3011 551 3094 yclym
573 3009 656 3072 drist
677 3009 714 3072 ni
734 3011 833 3091 (quod
848 3032 912 3071 non
929 3020 1057 3093 propter
1073 3021 1103 3073 tc
1118 3033 1229 3075 snmus

65 3116 187 3195 tristes)
204 3123 231 3191 1,
247 3122 298 3176 33.
325 3119 354 3176 2.
369 3136 470 3197 pers:
486 3114 721 3198 elneitlteuprep
733 3113 823 3197 pevela
835 3117 903 3195 (ves
916 3115 970 3197 qni
983 3115 1057 3178 estis
1068 3116 1092 3197 l)
1107 3122 1137 3193 2,
1154 3123 1226 3180 216.

62 3220 204 3284 meredic
219 3242 309 3304 ancyr
325 3219 414 3304 ywcla
429 3219 512 3281 clarui
525 3220 641 3300 (stulti,
660 3219 729 3295 viri,
747 3219 823 3281 estis
838 3222 907 3302 vos)
925 3224 955 3297 2,
971 3227 1044 3283 223.
1075 3228 1105 3284 3.
1123 3245 1226 3306 pers:

62 3325 206 3389 achcrcm'
225 3334 283 3410 ynt
296 3325 342 3387 oll
355 3332 401 3404 (ct
416 3346 524 3387 omncs
540 3336 616 3387 sunt
630 3326 788 3407 gigantes)
808 3333 836 3401 1,
856 3329 929 3388 261.
956 3326 1180 3414 kynebrrcydet
1193 3354 1231 3393 ac

64 3431 150 3493 uwel
163 3440 249 3515 ecynl
261 3438 319 3513 pul
334 3433 446 3511 (aeque
461 3429 576 3491 celeres
591 3453 627 3492 ae
643 3431 737 3493 flatus
752 3432 839 3493 venti
855 3438 945 3513 sunt)
962 3437 992 3507 2,
1013 3438 1085 3494 227.

153 3537 259 3598 l’raes.
278 3536 408 3597 secrmd.
428 3536 518 3617 Sing.
541 3542 568 3596 1.
586 3556 686 3617 pers:
711 3557 829 3620 nemyn
847 3559 885 3599 en
900 3536 971 3599 mal
987 3539 1094 3600 cedrea
1111 3538 1124 3599 τ’
1137 3542 1230 3615 (11011-

63 3639 130 3703 nisi
145 3639 259 3702 unicus
273 3639 359 3701 filius
375 3644 474 3719 eram)
488 3640 575 3701 Mab.
594 3646 621 3713 1,
638 3644 667 3700 2.
694 3646 723 3699 3.
743 3660 845 3720 pers:
865 3663 902 3702 ac
917 3648 974 3723 apt
988 3642 1048 3702 ocd
1057 3643 1234 3725 pyreunlred

62 3766 130 3828 pay
148 3764 228 3825 puer
246 3765 365 3828 namyn
385 3745 466 3807 eoed
477 3766 520 3829 yn-
536 3765 575 3806 en
591 3744 705 3805 neecad.
723 3765 762 3805 uc
775 3766 837 3826 pao
851 3745 1075 3827 pdocdpecleir
1090 3769 1230 3833 neoreeyn

63 3869 106 3912 ar
117 3847 248 3930 liupcint
259 3851 339 3931 (nun
351 3860 441 3910 erant
453 3848 574 3910 incolae
586 3847 618 3909 in
632 3858 733 3908 eastre
744 3846 807 3909 nisi
819 3846 873 3928 qui
886 3861 976 3912 erant
988 3849 1021 3912 in
1033 3851 1107 3913 aula
1122 3852 1228 3929 unica,

63 3965 99 4015 et
120 3952 164 4014 ibi
185 3964 275 4015 erant
296 3952 411 4036 viginti
434 3964 569 4035 quatuor
588 3953 726 4034 puellae)
746 3959 773 4028 1,
797 3960 823 4013 1.
857 3953 946 4015 Plnr.
974 3961 1002 4016 1.
1029 3977 1131 4037 pers:
1165 3979 1230 4042 yny

64 4056 109 4119 lle
121 4058 272 4141 ydeedem
286 4080 330 4142 yn
345 4057 469 4120 chwarc
485 4057 533 4138 (in
548 4059 628 4133 loeo,
642 4057 698 4119 ubi
713 4079 837 4120 cramus
852 4057 1012 4141 ludentes)
1026 4062 1113 4123 Mab.
1131 4067 1161 4139 2,
1178 4068 1228 4125 21.

67 4168 98 4223 3.
117 4181 220 4244 pers:
246 4184 327 4248 mwy
347 4188 365 4226 o
387 4164 484 4227 luwer
504 4165 618 4247 eedynt
633 4167 735 4245 (erant
757 4163 858 4226 multo
874 4165 1005 4248 majora)
1026 4174 1053 4243 1,
1076 4174 1124 4230 13.
1158 4170 1232 4231 For·
