2896 4980
562 312 591 373 1.
638 331 724 375 som.
830 284 833 289 Ι
1198 317 1216 378 3
1331 368 1339 377 .

54 475 141 538 runis
158 475 319 538 scandicis
334 486 366 538 et
380 485 473 557 aptae
488 478 528 539 ad
543 475 747 541 incidendum
762 479 797 540 in
811 479 935 561 lignum
949 480 1000 542 vel
1014 480 1162 564 lapidem,
1181 493 1218 545 ut

56 580 266 664 alphabetum
294 579 488 657 Nemnivi,*
509 580 612 644 dictae
638 583 787 646 ooelbren
812 606 834 667 y
857 584 983 661 deirdd,
1013 585 1218 669 alphabetum

57 686 253 761 Bardorum,
278 684 329 747 cui
351 685 521 768 opponitur
539 686 688 749 Goeldren
709 708 730 769 y
748 686 909 763 mendich,
933 688 1137 770 alphabetum
1152 712 1217 753 mo-

58 790 233 851 nachorum
248 790 300 852 vel
314 811 491 852 romanum.
515 790 640 874 Figuris
656 789 812 852 similibus
825 792 1000 854 arbusculis
1011 795 1061 856 vel
1072 796 1218 858 arborum

59 907 85 956 et
104 894 265 956 fruticum
284 893 432 970 ramulis,
455 905 493 957 ut
513 906 590 957 sunt
603 915 702 957 runae
719 895 900 971 scandicae,
924 896 1020 960 ctiam
1034 901 1155 962 Bardos
1170 899 1218 961 hi·

59 999 200 1061 hernicos
217 1020 291 1061 usos
307 1019 391 1075 esse,
412 999 486 1061 inde
501 999 716 1080 colligendum
730 1010 788 1075 est,
804 1001 888 1081 quod
903 1002 1049 1064 arborum
1064 1003 1114 1065 vel
1128 1003 1218 1065 fruti-

60 1124 127 1165 cum
153 1102 290 1165 nomina
316 1102 450 1185 singulis
471 1103 634 1165 literarum
654 1102 764 1185 figmis
786 1103 994 1167 attribuentes
1014 1106 1219 1189 alphabetum

60 1207 178 1270 dictum
193 1207 446 1270 Beth-latentes
462 1206 568 1290 (heitls
582 1207 707 1283 benna,
725 1207 787 1270 luis
802 1207 944 1271 fraxinus
959 1220 1126 1286 montana,
1145 1210 1219 1272 nien

60 1311 201 1374 fraxinus
216 1314 294 1393 etc.)
310 1312 522 1375 confecenmt.
550 1312 592 1373 In
606 1310 684 1372 haec
700 1320 806 1372 tamen
821 1311 917 1374 latius
932 1311 1101 1396 inquirere,
1119 1313 1219 1397 magis

61 1427 102 1480 est
114 1415 382 1500 palaeographicae
396 1436 491 1498 quam
509 1415 740 1497 grammatices.

139 1520 303 1584 Sonorum
323 1530 389 1583 tam
408 1512 643 1583 hibernicarum
659 1540 756 1600 quam
776 1521 1027 1585 britannicorum
1041 1521 1220 1587 communis

62 1625 232 1709 proprietas
247 1646 285 1687 ea
299 1634 359 1700 est,
380 1624 466 1707 quod
479 1644 498 1686 e
512 1633 599 1687 statu
613 1622 793 1705 originario,
811 1626 866 1708 qui
881 1627 1003 1689 eruitur
1017 1627 1068 1689 vel
1083 1647 1100 1688 o
1116 1636 1220 1690 vetus·

63 1730 190 1794 fioribus
206 1728 422 1792 monumentis
437 1728 488 1791 vel
499 1727 732 1810 comparatione
743 1729 909 1812 utriusque
920 1729 1049 1813 linguae
1060 1741 1126 1793 tam
1137 1730 1221 1795 inter

63 1855 90 1896 se
103 1855 203 1917 quam
217 1855 293 1897 cum
306 1832 427 1915 linguis
441 1832 601 1908 affinibus,
621 1833 826 1915 expelluntur
840 1835 876 1897 in
890 1835 983 1898 certis
995 1835 1216 1918 positionibus,

63 1948 288 2020 transeuntque
308 1937 344 2001 in
364 1938 442 2001 alios
463 1958 573 2013 sonos,
597 1935 653 2019 qui
673 1948 750 2001 sunt
770 1940 948 2003 secundarii
962 1950 993 2002 et
1008 1939 1071 2001 dici
1085 1950 1221 2021 possunt

63 2044 96 2106 ob
110 2043 323 2106 defectionem
337 2064 356 2104 a
370 2041 519 2125 primaria
533 2041 696 2124 genuitate
710 2043 875 2105 alterati
890 2043 941 2105 vel
957 2043 1111 2105 infecti.
1148 2044 1220 2111 Qua

63 2146 257 2223 evolutione,
280 2168 377 2230 quam
402 2148 460 2210 nos
487 2147 628 2209 dicemus
654 2145 932 2221 infectionem,
958 2156 1134 2228 tanguntur
1154 2157 1220 2209 tam

63 2252 199 2327 vocales,
223 2273 321 2334 quam
340 2271 513 2325 consonas,
537 2249 680 2332 quamvis
701 2252 759 2312 fiat
779 2249 902 2314 diverso
921 2251 1016 2313 modo
1036 2249 1070 2311 in
1085 2261 1220 2333 utraque

62 2353 180 2438 lingum.
204 2355 398 2437 Tangrmtur
411 2364 519 2418 autem
533 2353 708 2438 plurimum
721 2376 932 2418 consonarum
946 2353 1061 2418 classes
1073 2357 1220 2438 (excepta

62 2479 121 2522 una
135 2458 374 2549 aspiratamm),
390 2459 531 2543 apprime
546 2469 668 2535 tenues,
683 2481 763 2541 quae
774 2460 814 2523 ab
825 2461 935 2525 eadem
946 2458 1139 2541 subiguntur
1153 2481 1219 2523 non

61 2565 160 2627 solum
181 2563 219 2626 in
240 2563 344 2626 medio
358 2574 391 2627 et
404 2565 468 2626 fine
483 2584 613 2638 vocmn,
638 2565 693 2626 sed
708 2563 804 2626 etism
818 2564 853 2625 in
866 2564 959 2627 initio
974 2564 1169 2647 arripiuntur
1184 2564 1219 2627 in

61 2679 211 2732 contextu
227 2667 378 2731 sermonis
393 2669 568 2730 secundum
582 2668 708 2729 easdem
718 2667 913 2749 positionum
923 2669 1059 2753 regulas,
1074 2669 1217 2752 quamvis

61 2775 209 2836 acoedsnt
224 2773 285 2835 hoc
299 2774 367 2836 loco
381 2771 524 2855 propriae
535 2772 690 2854 quaedam
700 2772 828 2853 regulae
839 2783 871 2834 et
882 2772 1067 2834 anomaliae.
1093 2773 1143 2835 De
1155 2795 1218 2855 qua

61 2876 229 2940 infectione
249 2898 459 2941 consonarum
478 2876 513 2938 in
530 2875 622 2938 initio
636 2896 750 2938 vocum
765 2897 839 2959 ergo
853 2875 979 2960 proprio
994 2876 1096 2957 capite
1111 2876 1216 2939 dicen-

61 2981 149 3057 dum,
175 3002 250 3044 cum
270 2990 344 3046 ante
363 2981 459 3045 fuerit
479 2980 600 3044 dictum
621 2981 660 3043 de
685 2979 771 3043 sonis
792 2978 926 3064 singulis
947 3000 1118 3062 eorumque
1139 2979 1217 3041 infe·

62 3086 162 3151 ctione
179 3085 367 3170 specialiter.

62 3389 108 3442 qua
120 3391 149 3427 m
169 3373 240 3427 dura
259 3380 363 3427 servata
380 3378 473 3426 conus
489 3387 657 3426 communem
668 3369 798 3443 regulam,
812 3385 867 3425 non
879 3368 985 3424 differre
998 3367 1104 3424 videtur
1117 3368 1216 3422 cambr.

62 3454 118 3511 hod.
132 3458 170 3526 os
178 3456 211 3526 (9
224 3473 350 3521 excussa,
370 3474 397 3509 m
409 3455 507 3509 infecta
515 3494 522 3521 ,
536 3457 683 3510 secundum
694 3455 841 3525 regulam),
862 3455 1040 3519 elementum,
1060 3454 1133 3507 unde
1145 3453 1218 3506 varia

63 3539 186 3605 derivata,
201 3558 227 3594 a.
240 3558 282 3611 gr.
296 3540 351 3610 adj.
369 3539 430 3606 effus
444 3538 668 3611 (elementarius),
688 3538 773 3593 subat.
787 3538 871 3609 ‹ffydd
883 3537 1005 3609 (doctus,
1019 3537 1216 3609 philosophus),

62 3625 212 3693 esydds'eactla
232 3622 425 3695 (philosophia,
444 3622 578 3694 scientia).
604 3622 645 3676 Of.
664 3629 692 3676 et
707 3622 776 3693 gaal.
796 3624 882 3677 subst.
901 3623 1021 3676 atessam
1035 3622 1081 3692 (dle
1098 3640 1146 3693 pro
1163 3622 1217 3692 qd:

63 3705 131 3774 liber,
145 3708 293 3773 institutio,
307 3705 457 3776 tractatus),
471 3705 526 3778 adj.
540 3706 708 3760 ordhecmaclt
722 3705 849 3777 (idealis).

122 3794 137 3820 ’
154 3793 199 3846 De
212 3808 266 3863 quo
278 3790 378 3843 videsis
394 3790 479 3861 praef.
494 3797 522 3842 et
545 3790 720 3862 appendicem
737 3791 817 3860 hujus
836 3791 933 3862 operia.
955 3790 1095 3854 Coelbren,
1114 3789 1219 3860 lignum

63 3877 218 3940 memoriae,
237 3883 269 3928 ut
285 3875 416 3942 coelfam,
436 3873 504 3945 lapis
522 3874 675 3928 memoriae.
699 3873 789 3945 Ligno
806 3874 936 3947 quadrato
948 3874 1045 3928 incisas
1059 3891 1116 3927 asse
1128 3874 1219 3927 literas

64 3960 181 4015 alludis
193 3967 222 4014 et
232 3959 296 4014 inde
308 3976 408 4013 nomen
419 3957 530 4012 ductum
542 3957 677 4029 alphabeti
690 3959 781 4025 incisi,
802 3958 898 4012 asserit
909 3958 1034 4012 Owenus.
1063 3956 1117 4009 Sed
1129 3972 1220 4010 nonna

64 4043 137 4099 etiam
155 4044 276 4099 cosldren
292 4060 392 4098 nomen
409 4042 552 4115 singularis
569 4043 677 4108 literae,
696 4043 715 4099 i.
730 4059 754 4098 e.
767 4061 871 4112 ramus,
885 4042 996 4097 baculus
1008 4039 1168 4103 memoriae,
1189 4047 1220 4092 ut

65 4141 141 4194 gum.
155 4128 282 4183 budam
296 4128 417 4200 (baculm
429 4126 522 4197 libri)P
