2902 4980
270 358 332 421 502
376 359 444 421 ΙΙΙ.
464 363 494 420 2.
526 377 628 421 vanai
645 376 841 420 anrrnnmer
857 376 969 420 aerim
984 374 1145 419 aaaron
1162 374 1353 419 namnam.

276 531 346 601 188,
365 533 397 589 4·.
428 527 525 609 Apud
547 527 664 609 Pryce:
687 525 808 608 peleiz
829 524 925 604 (vidi3
948 556 991 577 ==
1012 524 1098 606 eis).
1133 525 1285 587 Armonz
1309 545 1385 607 quer
1401 547 1432 588 ne

273 630 380 694 linires
402 652 441 693 ne
460 630 548 693 sellis
569 634 649 710 (non
671 632 802 692 verbum
822 629 908 706 dixi,
932 652 998 693 non
1017 629 1100 710 vidi)
1115 629 1207 693 Buh.
1228 633 1303 705 122,
1325 636 1425 692 16.11.

273 758 371 818 epaon
394 758 432 798 en
456 744 539 819 toeys
556 735 646 816 (false
658 734 777 817 juravi)
797 739 869 811 162,
886 742 917 797 4.
943 745 972 799 te
986 758 1006 797 a
1019 756 1101 818 goar
1115 735 1176 799 doe
1190 756 1255 797 nen
1270 734 1381 797 aucas
1392 757 1425 799 ne

273 862 333 922 nep
353 840 427 923 quis
448 840 592 903 concedis
613 849 687 922 quet
701 843 751 921 (tn
772 840 845 916 scis,
864 843 954 917 deus,
972 841 1058 923 quod
1077 861 1145 902 non
1161 837 1246 902 cessi
1259 838 1290 901 ei
1304 861 1359 902 nec
1373 840 1421 903 ullo

272 947 368 1009 modo
381 945 543 1025 consensi)
560 952 612 1020 44,
631 950 683 1007 23.
703 949 754 1008 24.

361 1056 391 1113 2.
409 1072 491 1133 pers.
524 1051 651 1113 Cambr.
670 1050 771 1113 EIST
787 1053 841 1129 (ex
864 1050 910 1113 -s's
932 1062 966 1114 et
987 1050 1014 1113 a·
1034 1048 1279 1132 pronominei):
1304 1050 1417 1115 aedit-ies

274 1176 313 1216 ae
328 1154 452 1219 dieles‘st
467 1159 513 1235 (et
528 1166 564 1218 tu
579 1154 757 1218 vindicatus
772 1176 807 1218 es
821 1175 894 1227 eos3
912 1155 1014 1218 subet.
1032 1154 1113 1229 dial,
1131 1153 1291 1237 vindicta)
1305 1157 1381 1219 Mat.
1397 1163 1415 1231 1,

277 1264 350 1322 262.
368 1262 511 1341 peredrcr
531 1261 587 1323 dee
611 1259 696 1343 eoffa
717 1261 761 1344 dy
780 1268 854 1342 gret
872 1259 1015 1323 arodeist
1029 1259 1055 1321 ti
1066 1259 1138 1344 yms‘
1143 1282 1216 1341 pan
1232 1260 1334 1325 rodeis
1344 1260 1417 1345 ytts'y

275 1384 366 1427 maen
374 1387 445 1446 pan
459 1365 570 1429 lederet
580 1389 620 1450 yr
631 1366 736 1429 edane
747 1366 875 1446 (Pered.
890 1364 1037 1439 formose,
1050 1364 1257 1428 reminiscere
1268 1366 1416 1450 promissio

275 1469 326 1531 nis
342 1479 427 1545 tuae,
445 1492 540 1553 quam
555 1469 670 1534 dedisti
685 1469 776 1546 mihi,
793 1491 867 1532 eum
881 1469 955 1532 dedi
970 1468 1028 1531 tibi
1043 1469 1196 1551 lapidem,
1215 1492 1291 1533 cum
1304 1469 1417 1534 cecidisti

156 1592 159 1597 ·
275 1575 456 1654 draconem)
474 1577 561 1637 Mnb.
583 1583 612 1650 1,
631 1580 704 1637 282.
730 1596 789 1659 nys
809 1572 1090 1660 gorchymynnaiat
1104 1576 1186 1655 (non
1196 1575 1335 1659 jussisti)
1349 1576 1414 1639 snt.

278 1685 309 1754 2,
329 1685 380 1741 48.

360 1784 457 1847 Corn.
473 1783 571 1849 SYS:
586 1784 738 1870 portheby
754 1793 784 1848 te
794 1807 836 1869 ny
847 1805 963 1868 oyneys
975 1785 1181 1867 (respondere
1192 1785 1337 1866 noluisti)
1348 1787 1415 1848 Pass.

279 1896 350 1965 144,
368 1898 398 1951 3.
423 1890 520 1972 Apud
536 1891 637 1972 Pryee
652 1890 803 1972 leguntur
818 1891 934 1953 tonnae
946 1888 1107 1974 propiores
1120 1889 1298 1954 cambrione
1307 1890 1414 1975 posint,

276 1995 303 2058 a·
316 2017 337 2058 a
352 1995 463 2058 ueleist
477 1995 625 2075 (vidisti).

357 2103 483 2163 Armor.
503 2100 642 2164 SESDE
657 2104 714 2180 (=
728 2109 808 2165 aesta
817 2102 849 2181 ,9)
863 2099 899 2163 in
914 2099 1000 2163 Buh.
1013 2122 1021 2161 ι
1036 2109 1136 2181 petra
1150 2123 1251 2165 neuen
1264 2124 1299 2166 so
1313 2101 1415 2165 torre

274 2214 323 2268 zet
337 2228 381 2268 na
393 2205 535 2287 pelsesde
549 2213 623 2288 quet
636 2208 765 2288 equesen
779 2226 908 2269 samon
922 2226 984 2269 nac
991 2225 1108 2286 prezae
1120 2205 1217 2289 (quid
1231 2206 1307 2269 nori
1316 2203 1413 2277 accidit,

275 2311 361 2391 quod
378 2331 444 2372 non
459 2310 593 2394 potuisti
607 2310 698 2373 nobis
714 2309 917 2373 sermocinari
931 2331 990 2373 nee
1004 2309 1188 2393 praedicare
1196 2310 1225 2392 i)
1243 2318 1294 2386 74,
1313 2317 1341 2372 1.
1357 2314 1380 2370 2.
1392 2314 1413 2368 3.

275 2414 317 2475 1ιι
344 2413 498 2476 hodierna
524 2413 635 2496 lingua
655 2414 818 2489 kenzoud,
842 2415 988 2496 kam‘oud
1009 2413 1187 2495 (cecinisti;
1211 2414 1235 2478 i.
1253 2437 1283 2479 e.
1306 2412 1413 2487 1443111,

277 2518 418 2599 detenet).

364 2632 393 2686 3.
412 2643 494 2705 pers.
528 2621 711 2685 Cambricae
735 2621 972 2686 terminationes
995 2636 1073 2687 sunt
1095 2624 1214 2703 variae,
1232 2626 1348 2710 partim
1364 2644 1414 2687 con·

277 2731 441 2793 cordantes
457 2748 530 2789 cum
545 2726 728 2802 hibernicis,
743 2750 771 2790 e.
785 2749 833 2810 gr.
849 2749 865 2790 s
879 2728 1041 2810 praeteriti
1053 2751 1128 2793 cum
1139 2732 1305 2795 vocalibus
1315 2727 1415 2795 diversi

278 2859 340 2912 -es,
359 2857 415 2910 -es,
435 2834 488 2909 -e's,
507 2856 569 2910 -us,
589 2856 679 2918 -seys,
698 2845 730 2896 et
752 2843 850 2916 tpost
869 2833 1023 2917 liquidas,
1047 2845 1086 2897 ut
1106 2835 1141 2897 in
1164 2836 1261 2900 tertia
1280 2838 1415 2900 verborum

277 2941 512 3004 hibernicorum
538 2939 627 3001 serio.
671 2939 804 3021 Propria
830 2939 1002 3002 cambrione
1028 2938 1160 3023 linguae
1188 2952 1238 3003 est
1266 2936 1415 3005 terminatio

277 3047 378 3108 -awa'¹

362 3150 427 3211 AS.
460 3147 644 3210 Vetustiora
666 3147 810 3229 exempla
838 3147 921 3209 inter
941 3149 1062 3230 glossas
1084 3149 1268 3213 Luxcmb.:
1299 3150 1416 3213 rolancst

277 3256 335 3337 (gl.
354 3253 573 3337 guturicavit),
590 3251 767 3336 repulipias
783 3253 841 3333 (gl.
859 3252 1014 3332 olivavit).
1046 3253 1242 3318 Recentiora
1262 3256 1416 3336 ablabat

275 3360 394 3443 prcoles
415 3381 477 3442 yno
499 3358 606 3441 kyrian
623 3358 716 3438 (vidit
732 3357 775 3419 ibi
791 3358 846 3437 C.)
863 3365 893 3434 3,
913 3362 986 3419 271.
1011 3356 1120 3439 ephan
1135 3361 1234 3423 coelae
1248 3384 1270 3446 y
1283 3383 1358 3446 yser.
1371 3378 1418 3443 yet

279 3464 372 3526 coelas
387 3486 407 3546 y
421 3484 501 3545 puer
513 3466 558 3541 (ct
573 3485 657 3539 curn,
672 3465 772 3526 donee
787 3463 892 3543 vidit),
907 3486 945 3524 ac
958 3484 1020 3546 yno
1033 3486 1055 3547 y
1068 3463 1191 3544 pwelas
1204 3469 1253 3546 (et
1265 3478 1338 3529 tunc
1347 3463 1419 3539 vidit)

284 3577 310 3643 1,
331 3573 381 3628 22.
402 3576 453 3628 33.
474 3573 525 3627 36.
549 3567 634 3648 apim
656 3568 727 3647 ofut
742 3569 865 3652 syranae
880 3569 997 3651 apajiro
1011 3568 1054 3651 es
1062 3571 1110 3647 (et
1124 3571 1272 3650 quamvis
1287 3570 1420 3655 quandin

277 3672 499 3737 difficultatem
512 3671 649 3753 habuit),
663 3695 727 3757 puy
740 3674 838 3759 pafae
851 3675 964 3754 (donee
978 3672 1089 3755 cepit),
1104 3696 1148 3758 ny
1161 3675 1279 3758 cleofas
1290 3678 1351 3761 dyo
1361 3678 1420 3754 (nor

278 3777 390 3843 habuit
406 3777 587 3860 quisquam)
608 3785 635 3853 1,
655 3782 705 3839 28.
726 3785 777 3839 30.
797 3783 870 3840 236.

363 3884 415 3949 Es
439 3894 510 3966 post
532 3881 672 3945 vocalem
691 3883 804 3945 radicis
826 3906 844 3944 o
866 3882 900 3944 in
918 3882 1125 3964 sequentibus
1140 3885 1316 3967 exemplis:
1338 3876 1424 3947 aad

278 3992 391 4054 (erodes
412 3989 619 4073 yeudurdaut
634 3989 735 4051 redunt
749 3989 811 4065 (11.
829 3986 917 4050 dedit
932 3986 977 4049 eis
992 3987 1232 4069 auctoritatem)
1249 3991 1326 4073 Leg.
1342 3983 1421 4071 praef.

278 4094 420 4169 erodlses,
431 4115 468 4155 aa
480 4094 571 4155 rodes
583 4101 683 4166 attan,
695 4114 763 4154 roes
775 4091 888 4173 (dedit,
899 4092 987 4155 (ledit
998 4091 1041 4171 ei)
1054 4093 1132 4176 Lag.
1143 4093 1190 4176 sq.
1204 4116 1242 4155 er
1252 4087 1421 4178 apdeurcyd

278 4199 441 4282 redipones
454 4200 557 4278 (actus
570 4196 705 4280 illegalis
719 4218 813 4279 quem
825 4197 997 4278 commisit)
1009 4198 1089 4279 Lag.
1105 4202 1136 4261 2.
1151 4207 1252 4274 10.5;
1267 4208 1298 4263 9.
1311 4196 1423 4284 nyffoes

276 4326 317 4389 pr
338 4302 561 4387 amherawdyr
581 4303 696 4366 arthur
717 4302 835 4386 aitpoet
849 4304 928 4380 (non
944 4301 1027 4384 fugit
1042 4301 1216 4385 imperator
1230 4307 1273 4367 A.
1290 4306 1422 4387 unquam}

278 4410 365 4473 stab.
384 4414 415 4483 2,
435 4413 506 4468 381.
532 4406 657 4470 timete
677 4408 778 4491 yssyd
797 4406 905 4489 ertias
919 4427 971 4469 am
993 4405 1104 4471 otoain.
1122 4430 1145 4471 a
1164 4410 1268 4492 polles
1288 4434 1311 4496 y
1320 4401 1426 4494 §moti
