2896 4980
450 351 479 413 1.
515 359 543 414 1.
589 372 758 419 consonas
773 374 938 419 carricare,

541 683 580 743 B.
628 683 848 747 Consonae.

206 886 284 949 Sunt
299 904 511 948 consonarum
525 883 709 948 celticarum
723 884 848 962 classes,
869 885 955 949 utin
970 887 1080 950 ceteris
1096 887 1215 970 linguis
1231 889 1275 950 af-

141 991 247 1054 finitatis
262 991 504 1072 indeuropaeao,
524 989 829 1053 semivocalium
862 991 1043 1073 liquidae
1069 1005 1101 1055 ot
1123 993 1275 1076 spiran-

139 1111 194 1173 tes,
215 1107 413 1159 mutarum
438 1094 607 1171 mediae,
633 1106 772 1158 tenues
799 1108 831 1158 ct
856 1097 1070 1179 aspiratae.
1110 1101 1275 1161 Mutarum

137 1225 271 1285 quamque
291 1201 425 1263 classem
449 1199 529 1261 terni
545 1201 614 1263 soni
630 1201 847 1278 constituunt,
874 1202 928 1283 qui
944 1203 1005 1264 oris
1021 1203 1146 1285 organis
1162 1203 1275 1265 discer-

136 1323 253 1383 nuntur,
279 1305 474 1382 labiales,
498 1307 687 1369 dentales
714 1319 746 1370 et
771 1308 1022 1390 gutturaleS,
1042 1309 1276 1371 semivocalium

136 1415 195 1475 duas
212 1414 327 1475 classes
350 1411 496 1495 quaterni
518 1410 605 1488 soni,
630 1433 696 1475 non
718 1415 827 1475 eodem
842 1426 926 1476 certo
941 1414 1034 1476 modo
1049 1413 1202 1477 distincti.
1235 1415 1277 1476 In

136 1519 354 1583 semivocalibus
375 1518 459 1599 quod
482 1517 524 1580 sit
544 1518 707 1602 proprium
729 1541 764 1581 ac
787 1519 927 1601 divergat
949 1542 968 1581 a
988 1520 1106 1601 linguis
1126 1518 1275 1582 affinibus

136 1646 184 1688 nou
203 1622 482 1698 animadvertitur,
507 1622 611 1685 sedin
626 1624 736 1686 mutis
769 1626 859 1691 Quae
876 1636 1037 1688 mutarum
1051 1625 1224 1709 proprietas
1241 1646 1278 1686 ea

137 1744 185 1806 est,
202 1742 237 1793 ut
252 1750 310 1812 pro
325 1739 414 1810 parte
431 1739 556 1790 tantum
570 1751 644 1791 cum
659 1728 757 1791 mutis
773 1728 1000 1812 cujuscumque
1014 1731 1142 1813 linguae
1158 1728 1274 1805 affiniS,

137 1858 157 1898 e.
169 1859 212 1919 gr.
227 1835 358 1910 latinae,
375 1834 584 1916 germanicae,
602 1837 803 1911 concordent,
821 1858 878 1919 pro
892 1848 980 1919 parte
996 1859 1068 1919 ergo
1083 1836 1273 1899 discordent.

107 1963 111 1969 ’
135 1942 183 2004 Res
195 1953 301 2004 autern
315 1940 361 2002 ita
374 1961 410 2001 so
425 1939 530 2002 habet.

200 2067 360 2149 Linguam
374 2088 519 2148 graecam
532 2065 734 2150 praeprimis,
757 2067 865 2149 paullo
880 2066 986 2129 miuus
1002 2079 1033 2129 et
1048 2068 1180 2130 latinam
1195 2065 1276 2128 indi-

135 2190 262 2254 tamque,
283 2171 380 2234 trium
400 2182 561 2233 mutarum
576 2172 742 2248 classium,
768 2173 955 2249 mediarum,
980 2174 1141 2248 tenuium,
1160 2171 1276 2253 aspira-

136 2288 235 2353 tamm,
253 2299 371 2360 magna
391 2277 481 2360 copia
496 2288 528 2339 et
543 2290 736 2360 congruente
751 2280 844 2341 modo
859 2281 996 2362 gaudere
1011 2291 1123 2341 notum
1139 2288 1196 2339 est.
1223 2275 1277 2337 In-

137 2392 169 2443 ter
186 2383 309 2466 linguas
331 2381 626 2466 septentrionalium
648 2384 815 2446 nationum
842 2385 1021 2466 germanica
1043 2383 1139 2446 etiam
1160 2381 1278 2464 gaudet

138 2489 228 2552 eadem
243 2489 352 2571 copia,
377 2511 443 2550 non
467 2499 572 2550 tamen
587 2502 781 2572 congruente
796 2494 905 2566 modo,
923 2489 968 2552 ita
983 2500 1019 2552 ut
1034 2511 1062 2552 e·
1080 2512 1127 2572 gr.
1145 2488 1180 2550 iu
1195 2485 1277 2549 voci·

138 2591 181 2655 bus
200 2594 420 2657 communibus
442 2593 491 2656 his
514 2593 633 2677 linguis
655 2595 809 2678 aspiratae
830 2597 858 2659 si
878 2598 996 2659 adsunt
1012 2596 1046 2658 in
1061 2617 1172 2678 graeca
1187 2605 1219 2656 et
1233 2594 1277 2655 la-

139 2697 204 2775 tina,
228 2701 292 2762 sint
313 2700 410 2763 etiam
432 2699 587 2783 aspiratae
608 2699 643 2762 in
663 2702 853 2782 germanica.
886 2703 926 2764 In
948 2702 1006 2764 hac
1022 2702 1125 2777 enirn,
1149 2698 1277 2782 quaein

138 2799 184 2866 illis
197 2820 270 2868 sunt
284 2806 458 2889 aspiratae,
483 2805 583 2867 factae
599 2817 675 2868 sunt
697 2807 818 2869 mediae
834 2810 1005 2870 secundam
1019 2807 1162 2889 regulam
1178 2815 1278 2866 trans·

139 2907 281 2983 positionis
302 2921 463 2971 mutarum
485 2911 753 2992 germanicarum,
777 2934 840 2995 qua
863 2936 955 2996 porro
977 2912 1076 2974 factae
1092 2922 1167 2972 sunt
1183 2932 1199 2971 o
1215 2931 1279 2971 me·

141 3008 184 3072 tli'u
193 3013 342 3095 pristinis,
353 3037 434 3097 quac
444 3027 570 3077 exstant
581 3016 685 3079 adhue
697 3017 730 3079 in
742 3018 999 3081 meridionalibus
1011 3015 1141 3098 linguis,
1155 3027 1276 3088 tenues,

141 3134 153 3172 t
172 3120 311 3181 tenuibus
333 3119 499 3202 aspiratae.
533 3120 660 3184 Sistunt
681 3123 737 3186 has
758 3124 908 3186 classium
933 3119 1193 3202 transgressiones
1219 3117 1278 3179 liae

140 3219 199 3285 duae
211 3247 301 3288 voces
316 3225 460 3307 gothicae
477 3226 555 3288 boka
571 3230 755 3312 (=fapas,
774 3225 891 3317 φηγός)
908 3239 939 3290 et
956 3226 1083 3290 tetaldus
1105 3226 1217 3308 (deris,
1234 3253 1277 3274 =

141 3325 227 3412 derit),
244 3331 277 3392 in
294 3331 410 3412 quibus
427 3353 444 3392 e
458 3332 570 3394 mediis
585 3332 727 3416 pristinis
740 3355 773 3416 9,
795 3335 930 3397 dfactae
946 3344 1022 3396 suut
1039 3342 1149 3395 tenues
1165 3329 1203 3405 k,
1221 3337 1244 3405 t,
1262 3349 1279 3389 e

141 3435 207 3495 tcum
223 3436 384 3520 taspirata
401 3436 445 3514 tlt,
464 3459 502 3499 ex
518 3437 655 3520 aspirata
662 3440 694 3522 f
702 3440 806 3502 media
822 3441 850 3502 h.

203 3563 347 3647 Linguae
369 3565 409 3625 ab
432 3574 565 3645 utraque
587 3576 676 3646 parte
703 3566 900 3648 germanicae
923 3569 1082 3642 confines,
1108 3563 1219 3628 celtica
1240 3563 1279 3623 ab

139 3665 287 3745 occidente,
300 3679 332 3731 ot
343 3669 458 3732 slavica
470 3692 544 3732 cum
555 3670 697 3751 prussica
708 3671 912 3755 (lithuanica)
925 3675 964 3735 ab
974 3672 1104 3747 oriente,
1115 3669 1278 3754 proprium

139 3771 245 3836 modum
271 3785 397 3837 secutae
423 3786 455 3836 et
481 3775 723 3851 intermedium,
754 3776 788 3838 in
815 3789 904 3859 parte
931 3787 1057 3839 tantum
1089 3776 1281 3838 concordant

139 3891 193 3938 tum
205 3881 384 3960 germanica
406 3880 667 3963 transpositione,
691 3881 726 3944 in
741 3893 830 3964 parte
852 3882 980 3965 quidem
999 3883 1130 3944 minore.
1163 3881 1278 3941 Trans·

138 3995 289 4055 posuerunt
318 3985 405 4047 enim
433 3986 586 4069 aspiratas
618 3987 815 4050 solummodo
845 3987 880 4050 in
906 3988 1025 4050 medias
1032 4034 1042 4062 ,
1067 3985 1280 4065 relinquentes

139 4078 252 4152 intactas
268 4090 389 4152 medias
405 4102 436 4152 et
453 4102 582 4167 tenues,
607 4101 644 4154 ut
659 4104 734 4154 suut
749 4093 853 4156 adhuc
868 4093 902 4156 in
917 4115 1028 4176 graeca
1043 4103 1075 4152 et
1090 4089 1199 4152 latina.
1229 4087 1279 4148 En

137 4195 271 4277 exempla.

203 4321 329 4385 Mediae
344 4335 377 4386 et
392 4335 504 4386 tenues
520 4337 671 4402 servatae,
690 4325 776 4388 utin
790 4322 1048 4388 meridionalibus
1065 4320 1200 4403 linguis:
1219 4317 1280 4380 bri·

135 4429 207 4489 tann.
224 4439 287 4491 vet.
306 4428 363 4490 dec
378 4428 516 4507 (hibern.
535 4442 598 4494 vet.
616 4429 725 4506 daed,
744 4431 861 4493 eambr.
879 4430 953 4493 hod.
972 4429 1049 4511 deq,
1067 4426 1214 4490 oinfecta
1229 4423 1280 4486 vel
