2896 4980
347 336 376 397 Ι.
404 342 433 397 t.
464 353 633 399 consonae
648 354 803 399 carmena
818 354 1012 399 asumma.
1224 340 1265 402 93

149 503 194 567 len
208 505 332 587 gradum
353 514 532 577 mutarum,
555 502 731 565 mediarum
746 502 883 579 scilicet,
909 503 943 565 in
966 525 1060 586 quem
1083 505 1210 567 transiit
1231 506 1266 569 in

121 592 281 689 ‘gamalica
296 609 377 671 oser
391 608 485 687 (s=
500 609 517 669 ε
532 639 576 659 =
589 610 642 689 o).
674 608 822 690 Aspimsa
843 609 980 671 denaris
1002 607 1076 670 inde
1099 608 1133 670 in
1154 606 1266 692 lingua

144 711 211 775 letius
226 713 287 775 iere
309 711 412 775 omnis
434 713 594 775 destructa
617 723 679 787 est3
710 735 791 795 quae
812 713 898 775 enim
920 723 1091 776 occurrunt
1113 714 1164 790 tt,
1189 726 1266 777 sunt

141 838 234 899 graecu
253 816 395 899 originis.
428 816 551 879 Mansit
573 827 680 879 tamen
702 817 838 900 aspirata
859 817 1042 900 gutturalis,
1068 819 1211 900 quamvis
1234 831 1266 881 et

90 902 93 949 !
141 921 192 984 laec
202 923 264 1005 ipsa
274 922 439 985 debilitata
450 922 485 983 in
497 921 536 983 la:
553 921 652 984 hieme
659 954 703 974 =
709 923 819 1003 χεῖμα,
835 923 995 985 hortas=
1002 917 1128 1006 χόρτος,
1143 923 1262 999 vehere,

139 1026 187 1088 oeli
193 1059 227 1079 =
238 1019 336 1106 ὀχεῖν,
355 1020 522 1106 ὀχεῖσθαι.

196 1134 277 1194 Haec
292 1133 333 1194 de
346 1131 493 1213 aspiratis
508 1131 632 1194 slavicis
647 1143 679 1194 et
693 1132 801 1195 latinis
817 1131 1048 1215 praemittenda
1063 1131 1263 1208 videbantur,

139 1245 163 1295 ut
178 1235 348 1298 haberemus
370 1236 405 1298 iu
427 1235 472 1297 eis
495 1236 686 1319 exemplaria
709 1259 766 1319 pro
788 1236 919 1298 celticis.
951 1238 1010 1298 Est
1029 1236 1126 1298 etiam
1146 1237 1265 1300 celticis

139 1337 223 1421 linguis
237 1339 332 1402 unica
346 1339 484 1422 aspirata
498 1341 693 1422 praevalens,
712 1363 793 1423 quae
808 1351 939 1424 apparet
952 1341 987 1403 in
1003 1340 1115 1403 habitu
1130 1341 1265 1424 origina-

139 1442 190 1519 riae,
203 1444 316 1507 scilicet
331 1466 398 1507 non
412 1454 480 1507 orta
495 1443 676 1521 infectione,
698 1467 765 1507 non
780 1448 890 1508 eadem
904 1445 1033 1528 quidem
1048 1456 1085 1507 ut
1100 1445 1134 1507 in
1149 1447 1266 1509 slavica

140 1547 195 1625 (clu
206 1549 391 1611 combinatio
405 1548 583 1612 britannica
598 1550 707 1632 ignota
722 1561 771 1613 est
782 1550 961 1613 hibemicae
972 1561 1005 1613 et
1015 1550 1062 1612 nil
1073 1550 1136 1612 nisi
1148 1551 1267 1614 variata

139 1656 169 1731 ε),
187 1656 230 1716 sed
252 1655 288 1728 F,
313 1675 547 1735 nonnunquam
569 1655 665 1717 etiam
687 1677 785 1738 aeque
807 1653 945 1716 difficilis
968 1655 1120 1730 defiuitu,
1146 1678 1182 1717 ac
1205 1656 1266 1718 sla-

139 1754 186 1818 via
195 1758 237 1821 cl.
261 1759 352 1820 Num
366 1758 388 1820 Ιι
403 1757 437 1820 in
452 1759 586 1821 vetustis
600 1760 765 1823 nonnullis
779 1758 962 1822 nominibus
976 1760 1099 1842 gallicis
1114 1759 1149 1822 in
1163 1760 1266 1822 medio

138 1862 287 1940 praesertim
300 1862 393 1925 obvia
409 1864 455 1945 (p.
468 1868 523 1945 57)
538 1864 644 1927 forsan
658 1865 783 1927 residua
798 1865 840 1927 sit
854 1886 894 1926 ex
909 1865 1045 1947 aspirata
1059 1864 1215 1947 gutturali
1229 1887 1266 1928 eo

138 1966 204 2028 uodo
215 1979 250 2029 ut
262 1967 284 2030 h
299 1967 417 2042 latim,
440 1969 635 2050 comprobari
650 1991 716 2031 uon
729 1981 844 2052 potest,
867 1969 1033 2030 deficiente
1047 1981 1131 2031 certo
1147 1970 1266 2032 auxilio

138 2072 308 2135 euocatiore
323 2072 445 2155 lingua,
470 2096 545 2136 cum
558 2074 735 2137 britannica
750 2084 853 2136 exstet
867 2073 996 2154 quidem
1012 2072 1043 2148 Ιι,
1062 2075 1117 2134 sed
1133 2085 1212 2149 orta,
1230 2086 1268 2136 ut

138 2173 220 2239 alten
233 2198 249 2239 e
263 2177 410 2259 plurimis
425 2177 578 2261 exemplis
592 2190 697 2261 patet,
722 2201 762 2241 ex
777 2177 946 2260 originaria
960 2198 987 2238 ε.
1020 2176 1123 2238 Obvia
1137 2180 1224 2263 estf
1232 2178 1266 2241 iu

138 2278 235 2343 vocibus
249 2282 446 2358 britannicis,
465 2283 551 2345 utin
567 2283 701 2347 vetustis
716 2284 812 2346 etiam
828 2282 931 2357 hodie,
956 2300 1022 2343 non
1038 2281 1141 2343 solum
1156 2283 1190 2343 in
1205 2282 1265 2344 ini·

140 2379 179 2456 tio,
196 2387 242 2447 sed
262 2387 360 2450 etiam
383 2387 416 2450 in
435 2388 541 2451 medio
562 2400 595 2451 et
616 2390 695 2452 fine:
719 2391 790 2474 sun
805 2388 971 2471 (ligatum
992 2386 1058 2468 jam
1080 2385 1114 2448 in
1136 2387 1266 2469 glosssis

140 2486 216 2553 Oxou.
229 2492 361 2576 suniou,
386 2493 430 2575 gl.
449 2492 578 2574 vittae),
594 2494 663 2577 fol,
679 2494 752 2577 foll
765 2494 907 2573 (stultus,
931 2492 1007 2574 gall.
1027 2491 1178 2554 hodiem.
1186 2492 1263 2576 fou,

135 2591 182 2671 s⁰l
194 2597 295 2680 folle),
304 2598 372 2680 fur
387 2600 558 2680 (prudens;
577 2608 711 2680 utraque
726 2620 788 2660 vox
803 2598 899 2661 etiam
914 2596 949 2658 in
963 2598 1082 2660 Vocab.
1101 2608 1133 2659 et
1149 2598 1263 2679 Buh.),
1388 2629 1392 2647 ·

135 2694 198 2774 solu
209 2702 334 2781 (oembr.
353 2703 426 2764 hod.
442 2702 659 2787 quntfolm,
678 2705 781 2779 turbo,
800 2712 914 2764 ventus
929 2702 1117 2776 vehemens3
1136 2702 1176 2763 cf.
1196 2702 1266 2764 Fal-

140 2818 239 2881 meuna,
262 2805 473 2870 Falmiuensis
494 2811 628 2891 pagus),
652 2808 763 2892 forest
776 2806 868 2888 (silva
875 2830 884 2880 3
911 2829 991 2889 quae
1013 2807 1092 2868 silva
1113 2806 1198 2869 dicta
1219 2818 1268 2869 est

134 2902 267 2980 scaeua
288 2912 493 2995 abantiquo,
519 2912 597 2996 dipl.
623 2937 652 2976 a.
679 2921 752 2990 691,
778 2912 892 2975 Miraei
914 2933 988 2994 opp.
1013 2934 1045 2994 p.
1075 2917 1173 2985 11263
1206 2932 1267 2972 vox

141 3016 166 3068 ul
180 3009 257 3077 hodie
273 3015 342 3097 jam
365 3016 542 3099 antiquitus
565 3018 661 3080 etiam
683 3020 768 3101 apud
791 3019 969 3080 Germanos
995 3015 1118 3077 audito:
1142 3015 1268 3098 foreste

140 3110 317 3197 dominicum,
343 3120 365 3182 i.
391 3142 419 3183 e.
445 3121 525 3183 silva
547 3123 650 3205 regia,
677 3123 712 3186 in
735 3124 796 3205 leg.
823 3120 1057 3201 Langobardos.
1087 3126 1121 3193 1,
1148 3124 1199 3179 22.
1220 3124 1264 3200 7),

140 3218 204 3299 wffi,
223 3225 344 3309 cosm
359 3224 462 3306 (cista,
480 3247 552 3287 area
558 3250 567 3299 3
592 3228 675 3288 med.
694 3227 750 3289 lat.
768 3227 932 3310 efferum,
957 3226 1110 3309 coferum,
1128 3224 1264 3308 cofrum,

139 3323 227 3405 wfrue,
244 3328 390 3410 cophrus,
414 3328 576 3409 cophinus,
600 3331 794 3412 cophinellus
810 3332 844 3392 in
859 3331 990 3412 diplom.
1008 3330 1083 3391 inde
1105 3352 1124 3391 a
1145 3350 1208 3391 sec.
1230 3334 1266 3390 12

138 3443 173 3505 ψ.
185 3432 350 3516 Congium
367 3433 443 3515 gall.
458 3432 601 3496 hodiem.
617 3436 726 3519 coffre,
752 3458 813 3498 vox
828 3436 905 3497 item
919 3437 960 3498 ad
975 3436 1151 3497 Germanos
1167 3446 1268 3497 trans·

110 3581 124 3601 .
137 3541 237 3613 besa),
251 3538 311 3621 cof
320 3540 444 3615 (venter
450 3561 459 3611 ;
477 3538 641 3621 coffBuh.
657 3547 705 3617 12,
721 3546 784 3622 18).
803 3542 876 3602 Hae
888 3561 978 3602 voces
991 3562 1008 3602 e
1019 3539 1128 3602 lexicis
1141 3540 1269 3622 linguae

137 3640 295 3717 umbriam
320 3642 382 3706 alia
397 3643 541 3725 exempla
556 3665 573 3705 e
588 3644 677 3707 libris
692 3645 927 3719 vetustioribus,
945 3645 1111 3720 cambrica,
1130 3646 1266 3721 cornico,

137 3746 267 3821 suarim,
292 3745 376 3808 infru
390 3747 450 3808 sub
465 3747 492 3807 F
506 3747 694 3811 britannica.
728 3752 873 3816 Quarum
895 3770 1009 3812 vocum
1029 3749 1057 3810 si
1079 3749 1269 3812 conferimus

137 3839 227 3927 aliquos
238 3872 313 3913 cum
324 3850 454 3913 vocibus
466 3851 612 3916 affinium
624 3854 817 3937 linguarum,
836 3876 864 3916 e.
877 3875 925 3936 gr.
935 3854 1005 3938 fun
1020 3876 1093 3915 cum
1108 3854 1164 3917 lat.
1170 3854 1270 3937 funis

136 3945 305 4037 (numnis
319 3987 363 4008 =
376 3977 475 4038 germ.
494 3957 593 4038 band)
600 3982 609 4033 ;
624 3959 672 4042 fo
688 3961 830 4044 (=fah)
847 3970 879 4021 et
894 3959 949 4020 lat.
959 3958 1058 4041 fabo,
1068 3958 1112 4041 fo
1128 3959 1184 4036 (=
1190 3957 1269 4040 foy)

136 4053 210 4121 etbt,
218 4061 353 4144 fayore,
378 4081 482 4143 graec.
501 4057 647 4147 φεύγειν,
673 4065 775 4148 freon
791 4065 913 4143 (nasus,
931 4065 1036 4142 nares)
1051 4071 1084 4123 et
1098 4081 1200 4141 graec.
1219 4057 1270 4144 ρἱ

136 4154 197 4231 (tum
210 4165 362 4248 producta
377 4187 444 4226 ιε
454 4161 536 4249 χρίν,
554 4164 641 4252 onio,
664 4178 703 4230 ut
717 4167 808 4255 ῥῆξις
817 4199 860 4221 =
863 4167 1015 4251 fractio),
1032 4166 1148 4249 frwyn
1164 4175 1196 4225 et
1210 4164 1267 4226 lat.

130 4260 249 4350 fimum,
265 4274 354 4358 frou
369 4276 536 4357 (torrens),
553 4272 652 4355 frwd
665 4274 755 4356 (fret
768 4273 906 4346 vocab„
919 4270 1023 4354 ffrwt
1037 4270 1143 4345 Mau,
1168 4268 1269 4351 rivus)

136 4375 158 4427 ll
172 4372 216 4439 lat.
230 4378 357 4462 flumen
373 4379 460 4464 (fluo
474 4411 518 4433 ==
532 4397 580 4459 gr.
598 4371 690 4463 ρύω),
707 4377 825 4462 sraeth
840 4375 1019 4457 (eloquens)
1040 4385 1072 4437 et
1086 4395 1133 4457 gr.
1152 4369 1269 4460 ῥήτωρ,
