2896 4980
134 362 175 430 54
449 359 477 423 Ι.
509 363 537 419 ι.
585 375 725 425 atomos
740 375 764 419 s
781 374 979 419 nissasrcs.

136 529 351 614 praedicatum
376 529 456 607 est),
484 524 716 607 opredohimmo
742 525 841 608 (quod
872 522 1126 608 praedicamus),
1153 519 1265 586 ooottla

137 635 207 719 (qui
228 636 383 713 amatur),
408 631 527 695 ooeame
549 632 648 714 (quod
669 631 834 714 patimur).
874 629 1030 712 Exempla
1052 628 1134 692 haec
1155 626 1265 692 citam

137 740 200 804 alia
214 741 274 803 sub
287 737 485 823 pronomine.
944 752 947 765 ¹

223 853 253 928 o)
277 843 529 927 Praepositiones
545 843 596 905 IN
611 842 686 924 (in),
705 842 795 905 coN
812 843 925 923 (cum),
943 841 1039 905 REN
1055 843 1172 922 (ante),
1190 838 1265 903 Ilm

138 956 237 1036 (post)
254 953 363 1014 eodem
384 951 478 1012 modo
493 948 668 1025 habentur,
693 958 730 1009 ιιι
745 948 860 1009 docent
874 947 1020 1029 exempla
1034 944 1265 1030 frequentinum

138 1058 264 1123 Videsis
280 1056 432 1139 incapite
447 1056 486 1117 de
500 1052 796 1138 praepositionibus.

224 1164 260 1243 d)
282 1160 474 1244 Oonjunctio
488 1160 614 1222 ARAN
630 1160 712 1241 (ut):
738 1167 946 1239 oronepertor
969 1161 1021 1240 (ιιι
1034 1157 1195 1239 dicatam),
1211 1177 1265 1220 oro

140 1268 277 1332 det-naid
290 1271 341 1348 (ut
355 1265 509 1346 faciatis),
527 1272 690 1326 oratoriar
705 1266 757 1344 (ut
770 1264 949 1345 offeratur),
973 1261 1265 1343 oroeomolnitlter(

142 1374 337 1457 impleatur),
355 1369 606 1433 arosechemmar
617 1370 668 1450 (ut
683 1372 877 1452 sequamur),
892 1378 924 1431 et
938 1367 1000 1431 alia
1014 1368 1165 1451 exempla
1178 1366 1265 1431 subl

141 1477 374 1560 conjunctione.

227 1587 256 1665 e)
278 1582 422 1644 Eandem
453 1579 595 1662 regulam
627 1591 805 1663 sequuntur
833 1578 1009 1643 numeralia
1034 1577 1202 1642 hibernica
1224 1578 1265 1644 vl

144 1686 230 1753 VIII
251 1688 286 1750 in
307 1685 358 1748 his
373 1685 543 1768 exemplis:
568 1684 594 1748 it
611 1685 698 1748 seoltt
718 1685 813 1749 nocht
826 1685 883 1767 (gl.
902 1684 1017 1768 septies
1032 1685 1156 1768 octoni)
1172 1686 1225 1749 Or.
1241 1690 1265 1746 t:

146 1794 306 1863 octodelbe
324 1801 338 1853 7
357 1801 406 1854 oct
416 1792 497 1874 ayne
513 1790 570 1873 (gl.
585 1790 703 1853 formae
718 1792 802 1871 octo)
819 1789 972 1872 sg.1ea·.
990 1791 1091 1853 Deest
1103 1790 1265 1873 liquidam

145 1912 291 1961 tenuem:
317 1897 344 1961 it
364 1897 450 1960 secla
466 1898 515 1959 oe't
529 1897 584 1979 (gl.
605 1895 720 1979 septies
735 1894 877 1976 centeni)
892 1896 946 1959 Cr.
965 1899 1028 1956 42⁸.
1060 1895 1265 1977 Deficiuntqt

143 2005 216 2066 dem
237 2025 254 2065 e
275 2002 353 2065 meis
376 2002 536 2065 codicibus
551 2002 695 2085 exempla
710 2011 835 2063 vetusta
849 2012 1054 2062 numeroriun
1069 2000 1123 2063 IX
1140 2012 1173 2063 et
1188 2000 1222 2062 X
1234 2020 1265 2062 cu

143 2102 349 2192 sequentibus
363 2108 523 2171 vocalibus
540 2118 571 2170 et
585 2106 714 2182 mediis,
734 2107 789 2168 sed
804 2127 878 2167 curn
892 2105 927 2167 in
941 2104 1096 2168 hodierna
1109 2103 1265 2188 lingrmin

143 2215 268 2278 oiantur
288 2214 398 2305 eclipsi
420 2214 521 2279 nasali
538 2234 694 2283 consonae
710 2211 805 2274 etiam
819 2221 892 2293 post
905 2209 964 2272 hos
980 2213 1022 2292 (e.
1039 2231 1088 2292 gr.
1106 2210 1164 2272 noi
1173 2230 1265 2293 9·⁰⁰¹

144 2320 235 2382 deiolt
247 2340 384 2402 orosa,
402 2339 517 2381 novem
531 2321 643 2401 podes,
662 2318 769 2379 decem
784 2317 898 2399 pedes,
918 2326 955 2378 ut
969 2314 1056 2377 seoltt
1066 2336 1111 2397 y·
1120 2338 1215 2392 cosa,
1238 2336 1265 2377 oe

142 2427 282 2506 p-coeo),
308 2425 494 2486 statuendae
516 2434 593 2486 sunt
607 2423 725 2485 formae
739 2421 928 2484 vetustiores
943 2440 1150 2483 numerorum
1163 2422 1265 2484 VII-

144 2528 283 2602 sectam,
301 2527 421 2603 ochtat,
439 2528 526 2609 noia,
544 2528 672 2603 declam,
690 2539 728 2591 ut
742 2548 860 2590 sanscr.
878 2535 1003 2608 raptari,
1021 2524 1165 2603 arelaten,
1183 2548 1265 2591 nawa

148 2633 260 2708 dosora,
279 2642 316 2693 ut
331 2631 386 2693 lat.
404 2641 531 2713 sartan,
554 2654 672 2708 aorem,
691 2635 806 2696 decem.

232 2743 261 2799 3.
287 2737 506 2800 Condensatae
536 2761 558 2802 n
585 2738 723 2820 liquidae
749 2749 825 2802 sunt
853 2736 963 2801 obviae
989 2737 1107 2800 fonnae
1135 2737 1265 2814 ΝΜ

145 2846 177 2906 et
191 2843 264 2906 NT.

231 2949 345 3012 Forma
366 2949 526 3032 duplicata
540 2952 606 3013 NN
629 2950 663 3013 in
684 2950 818 3014 articulo
837 2950 962 3033 generis
982 2949 1154 3013 masculini
1176 2960 1208 3012 et
1222 2948 1265 3012 fen

149 3055 220 3119 nini
240 3055 275 3118 in
299 3055 468 3138 singularis
490 3078 565 3119 casu
585 3056 763 3119 accusativo
783 3066 858 3119 ante
879 3055 1002 3119 vocales
1022 3055 1114 3118 obvia
1128 3066 1196 3132 est,
1221 3053 1265 3138 cuj

148 3162 294 3244 exempla
308 3161 391 3224 infla
406 3163 465 3224 sub
480 3161 624 3224 articulo.

231 3268 345 3329 Forma
359 3269 424 3330 ND
439 3267 474 3329 in
488 3266 592 3329 media
606 3287 682 3328 voce
701 3266 885 3348 praesertim
905 3268 1088 3330 observatur
1102 3265 1138 3329 in
1152 3286 1265 3350 praepo

148 3371 233 3433 tione
248 3371 282 3433 in
298 3371 491 3433 coalescente
506 3394 579 3434 oum
593 3372 834 3453 pronominibus
849 3373 984 3449 suffixis,
1000 3383 1069 3434 tum
1084 3371 1226 3454 quidem,
1239 3393 1265 3434 ot

125 3474 342 3541 ,construitur
365 3497 439 3536 eum
459 3476 565 3539 dativo
586 3477 768 3559 (ablativo),
792 3499 820 3540 e.
838 3499 886 3559 gr.
909 3477 1050 3554 indiam,
1075 3477 1240 3541 indiumao
1262 3504 1265 3535 ι

146 3582 223 3659 mo),
242 3579 388 3655 indiam,
408 3580 558 3643 t‘ndiunm'
572 3582 618 3662 (in
635 3582 759 3664 nobis),
778 3583 863 3646 indit
877 3583 924 3662 (in
940 3584 1005 3664 te),
1024 3582 1113 3645 indit
1130 3581 1181 3662 (in
1196 3580 1265 3645 vobi

146 3684 241 3747 {adid
254 3683 302 3766 (in
317 3687 385 3765 eo),
403 3684 475 3748 indi
489 3687 619 3769 (inea),
637 3688 726 3750 indit
742 3689 790 3770 (in
805 3688 850 3751 eis
859 3714 869 3763 ;
894 3688 934 3750 ei.
954 3709 1069 3771 pronn.
1087 3709 1173 3771 pers.
1191 3686 1263 3751 suff.

146 3811 289 3874 praepos.
307 3790 394 3874 in).*
418 3792 471 3856 Fit
485 3793 569 3855 idem
583 3793 618 3857 in
633 3794 697 3855 fine
712 3793 746 3856 in
762 3793 887 3856 articuli
901 3793 1002 3855 forma
1017 3792 1085 3867 ind,
1103 3794 1189 3875 quod
1205 3804 1265 3856 tam

146 3897 231 3960 idem
250 3908 298 3960 est
313 3920 349 3960 ac
364 3897 390 3960 si
406 3897 447 3960 sit
461 3899 602 3961 medium
617 3898 718 3975 vocis,
743 3921 816 3961 curn
830 3898 982 3961 articulus
998 3898 1153 3961 coalescat
1168 3920 1265 3961 cumr

147 3998 355 4066 substantivo.
400 3993 535 4087 Supplet
560 4016 667 4067 autom
693 4004 771 4067 haee
796 4003 921 4066 articuli
946 4005 1046 4067 sonna
1072 4003 1265 4086 aspiratione

146 4120 220 4172 ante
235 4131 328 4173 sonos
343 4108 446 4185 obvia,
464 4108 520 4191 qui
534 4108 734 4191 aspirationis
749 4132 814 4172 non
831 4121 895 4172 tam
911 4131 1040 4193 capaces
1055 4119 1143 4185 sunt,
1162 4120 1201 4172 ut
1216 4130 1245 4172 e.
1261 4136 1265 4189 ι

214 4362 228 4387 ‘
245 4361 322 4420 Quae
342 4363 442 4415 formae
461 4361 703 4415 commonefaciunt
715 4361 815 4415 latinae
832 4368 954 4415 vetustae
967 4362 1032 4414 {rado
1044 4380 1093 4434 pro
1106 4362 1154 4416 ia:
1168 4361 1234 4423 iada
1245 4380 1265 4415 ιιι

145 4447 228 4510 Ειιιι.,
243 4446 389 4516 inclamatio,
404 4448 578 4516 induperator
590 4446 676 4500 Lucil.
691 4473 725 4491 =
738 4446 864 4518 impedio,
879 4447 1033 4519 imperator.
