2896 4980
139 322 202 386 208
256 321 285 383 Ι.
304 324 335 382 2.
368 336 537 383 oousosau
552 336 780 382 sarrsssrma
794 336 1008 383 mosomus
1022 338 1241 385 rnrurrrvas.

136 491 269 557 rationis
284 488 487 573 regulariter:
514 486 617 552 mmo
633 489 773 571 (tempus
789 487 887 552 trium
900 488 1077 572 mensium)
1092 492 1185 554 Mab.
1206 498 1233 568 1,
1250 496 1275 554 21

141 603 192 661 26.
211 595 375 660 ehtoemeib
388 598 458 678 (ser
472 593 543 671 filii,
563 593 654 677 eopia
669 615 724 656 sex
735 593 889 675 filiorum)
906 601 934 670 1,
950 598 1024 656 295.
1044 594 1221 682 elswequr
1236 599 1275 679 (se

138 704 211 785 viri)
237 709 274 779 3,
294 709 345 763 99.
370 701 561 784 chweblwyd
587 699 763 781 (sexennis)
781 705 817 775 9,
838 704 889 761 92.
930 699 994 762 Sed
1016 711 1050 763 et
1077 700 1131 763 hic
1159 701 1275 767 infectio

140 818 270 894 optem,
281 806 432 890 seithwyr
444 809 532 888 (tros,
544 815 666 887 septem
677 803 750 886 viri)
762 810 791 880 1,
803 809 876 867 282.
889 810 920 881 9,
931 812 983 867 99.
1002 805 1181 870 Destitutio
1192 809 1275 890 poteri

139 913 238 977 videri
249 911 402 996 regularis
414 913 454 975 ob
465 910 605 973 vocalem
613 908 760 991 primitus
767 909 879 990 procul
886 909 984 974 dubio
991 910 1237 976 intercedentem
1243 915 1275 995 (o

139 1016 357 1101 πεμπὲδουλα
373 1016 544 1096 Dioscor.),
563 1025 664 1077 status
685 1012 876 1097 originarius
898 1025 1009 1079 contm
1023 1028 1168 1081 servatus
1182 1018 1214 1081 in
1226 1039 1275 1103 sup

138 1126 295 1210 positione
310 1122 410 1186 veluti
424 1143 491 1183 uon
506 1121 647 1184 obtineat
662 1118 847 1202 compositio
863 1121 919 1183 sed
932 1123 1128 1187 constructio
1145 1126 1197 1206 (A.
1210 1126 1235 1187 Ι.
1248 1128 1275 1207 9).

225 1231 390 1296 Praevalet
411 1237 513 1290 status
535 1224 725 1309 originarius
747 1225 851 1289 adhuc
873 1225 908 1288 in
933 1225 1088 1291 hodierna
1110 1230 1216 1314 lingua
1231 1252 1275 1293 nou

139 1338 243 1401 solum
262 1346 334 1418 post
357 1333 401 1397 tri
421 1344 453 1396 et
472 1331 558 1395 eltwe
580 1331 614 1392 in
635 1331 782 1395 consonis
806 1331 989 1415 expertibus
1011 1333 1219 1418 aspirationis,
1239 1336 1275 1399 eei

139 1442 235 1506 etiam
256 1441 291 1501 in
320 1439 571 1522 quibuscumque
593 1447 665 1520 post
687 1436 862 1509 numeralia
885 1437 978 1501 finita
1003 1439 1170 1503 consonis:
1199 1439 1275 1505 trini

139 1552 223 1628 (tres
244 1566 387 1620 menses,
412 1542 551 1626 spatium
578 1541 674 1605 trium
700 1541 899 1623 mensium),
923 1543 1022 1629 tribys
1050 1545 1171 1623 (tribus
1194 1543 1274 1628 digiti

138 1649 311 1734 praeditus,
329 1645 568 1733 reconsecratos),
588 1646 696 1731 tridyn
720 1647 796 1729 (tres
817 1651 996 1730 personae),
1014 1649 1273 1734 chweyoaittor

138 1755 271 1830 vicibus,
286 1753 413 1835 sexies),
430 1750 607 1835 teiryeoaitls
619 1751 734 1833 (tribus
746 1752 894 1834 vicibus),
905 1753 1142 1838 pedeirywoith
1154 1759 1274 1839 (quatuor

137 1863 204 1943 v.),
226 1867 383 1942 puntcoot
405 1856 612 1940 (quingenti),
639 1857 760 1920 canmil
779 1860 962 1940 (100,000).
1001 1859 1111 1923 Etiam
1135 1871 1204 1944 post
1224 1878 1274 1924 m

137 1970 196 2048 (=
210 1987 336 2040 nawen,
354 1986 387 2048 p.
407 1971 459 2025 54.
481 1965 572 2043 150);
591 1962 782 2046 nowqwaitk
797 1965 829 2044 (9
847 1961 937 2045 vio),
954 1975 1105 2029 nowcont
1118 1968 1207 2048 (909)
1214 1989 1223 2041 ;
1236 1962 1274 2027 sei

137 2083 265 2134 contra:
293 2067 473 2152 pumwoith
499 2071 532 2150 (5
550 2070 615 2149 v.),
644 2068 803 2132 conwoe'th
822 2072 898 2151 (100
915 2071 982 2151 ι),
1010 2068 1172 2154 oeitltqant
1194 2073 1273 2153 (70⁰),

136 2177 302 2263 wythpant
316 2180 419 2258 (899).
474 2196 478 2201 ·

224 2281 397 2346 Cornica
417 2279 579 2363 exempla:
606 2278 775 2364 terpweyth
791 2283 866 2362 (ter)
883 2282 973 2344 Pass.
991 2287 1041 2358 18,
1058 2287 1088 2344 2.
1107 2304 1207 2366 pomp
1219 2274 1275 2364 eqfl

136 2388 293 2471 (quinque
307 2385 426 2460 millio;
444 2384 471 2447 si
486 2396 593 2446 tamen
609 2395 685 2446 sunt
700 2386 885 2469 composita,
903 2386 944 2449 ef.
962 2407 1060 2470 supra
1072 2388 1103 2450 I.
1123 2392 1168 2471 9).

224 2491 423 2553 Armorice
445 2489 632 2570 regulariter
647 2501 748 2553 status
761 2490 951 2574 originarius
962 2502 1118 2556 servatus.
1144 2495 1182 2558 In
1194 2490 1274 2555 Bu:

138 2606 303 2679 caretque:
319 2593 466 2675 (centies)
484 2600 535 2670 86,
556 2601 606 2657 19.
626 2600 696 2671 172,
712 2603 742 2658 5.
776 2598 817 2658 In
832 2596 984 2660 hodierno
999 2597 1129 2681 lingua:
1149 2592 1275 2682 otram

138 2705 225 2783 (ter),
245 2699 444 2782 pederywciz
458 2702 609 2781 (quater),
627 2700 822 2783 pempqtoeiz
838 2700 1049 2784 (quinquies),
1070 2697 1275 2786 c'ltuec'hpuo't

137 2806 279 2888 (sexies),
298 2805 470 2888 see'zpweiz,
488 2805 642 2888 eizpeoeiz,
661 2804 831 2887 nooqwet'z,
849 2805 1018 2889 dekqtoeiz‚
1036 2809 1223 2893 uqentqwei:
1236 2802 1275 2887 (ri

137 2911 264 2995 gesies),
284 2911 364 2973 kant
351 2910 459 2994 tqweiz
475 2910 633 2991 (centies)

225 3022 254 3078 2.
281 3018 363 3080 Cum
384 3039 479 3100 supra
501 3015 594 3078 dictis
616 3016 690 3095 (sub
707 3017 749 3077 Α.
768 3018 796 3079 Ι.
817 3025 849 3098 6)
871 3017 1159 3102 praepositionibus
1179 3033 1275 3100 compe

138 3123 198 3185 sita
220 3132 348 3184 servant
369 3142 541 3184 consonam
568 3119 773 3183 inchoantem
801 3125 957 3186 secundae
980 3124 1065 3186 vocis
1087 3121 1274 3206 originariae

138 3227 367 3303 Cambrioe:
393 3225 499 3289 ractol
518 3225 683 3306 (frontale;
707 3247 853 3310 epraep
871 3249 928 3290 rac
950 3238 982 3291 et
1002 3230 1105 3291 subst.
1125 3230 1181 3305 tal,
1201 3221 1275 3299 fron)

139 3333 227 3394 Mab.
246 3332 289 3412 fq.

225 3438 338 3517 Praep.
351 3443 401 3496 tra
409 3437 520 3514 (trans,
530 3439 650 3517 supra),
661 3458 741 3517 quae
749 3437 1062 3519 ponituretiomloco
1070 3429 1275 3523 conjunctionis

139 3538 331 3620 (quamdiu),
346 3539 488 3620 aspirans
506 3550 615 3601 tenues
631 3553 809 3622 sequentes,
824 3565 890 3605 non
902 3543 1006 3626 tangit
1018 3555 1138 3617 ceteras
1150 3551 1275 3607 consent⁸

138 3653 282 3726 expertes
309 3642 508 3725 aspirationis
535 3643 629 3706 hodie
656 3667 797 3727 quoquc:
829 3648 1001 3732 trobyeltan
1028 3649 1135 3730 (valde
1159 3641 1273 3733 parvm),

139 3748 233 3811 trado
255 3749 452 3829 (perbonus),
472 3749 617 3832 tropolor
639 3749 775 3829 (nimius
794 3753 892 3827 dolor,
910 3755 1064 3836 morbus).
1098 3755 1140 3816 In
1161 3758 1275 3816 consue

138 3854 242 3917 ctione
266 3866 371 3917 tamen
392 3864 464 3937 post
486 3863 536 3916 tro
556 3854 653 3917 etiam
675 3855 840 3918 destitutio
863 3857 955 3919 obvia
977 3857 1011 3919 in
1034 3860 1139 3936 Mau,
1156 3860 1228 3922 odeo
1243 3868 1275 3913 ⁶²¹

137 3963 264 4043 quentis
284 3959 388 4023 tenuis
405 3960 456 4038 (C.
476 3960 503 4020 I.
525 3963 589 4040 10).

225 4069 303 4130 Post
318 4066 439 4128 vocales
455 4086 569 4127 voemn
585 4074 646 4140 tro,
664 4064 717 4140 tri,
733 4066 828 4141 ebroe,
844 4089 875 4142 a,
889 4089 940 4142 no,
955 4089 999 4129 oa
1014 4079 1074 4131 etc.
1092 4070 1134 4131 ob
1148 4066 1275 4153 perditem

138 4192 309 4234 consonam
335 4170 517 4244 finientem,
543 4169 593 4230 vel
619 4169 725 4250 potius
751 4171 974 4247 assimilatam,
1003 4193 1140 4254 sequens
1166 4178 1275 4236 oonsoss⁸

138 4276 346 4358 supponenda
368 4286 416 4335 est
437 4274 567 4355 duplex,
585 4295 665 4355 quae
689 4274 716 4336 si
731 4287 779 4338 est
796 4277 912 4352 tenuis,
930 4276 1088 4360 aspiratur
1104 4282 1152 4360 (p.
1173 4261 1275 4355 179),9Ι

138 4378 242 4441 media
264 4378 314 4439 vel
336 4399 378 4455 m,
397 4388 539 4441 servatur
562 4379 596 4441 in
616 4390 702 4444 statu
722 4380 892 4464 originario
908 4385 955 4464 (p.
976 4386 1063 4463 132).
1094 4383 1173 4447 Non
1195 4381 1275 4446 adu
