2896 4980
555 357 753 402 rnnnmrro.
1131 345 1236 404 XXIX

164 510 314 582 Horum
332 535 429 582 unus
448 513 638 584 doctorum
658 511 909 583 Hibemornm
932 513 1093 584 codicem
1112 515 1238 585 Pauli-

64 655 147 700 nnm
174 654 225 700 ex
246 630 431 701 Hibernia
458 630 636 702 attulerit.
684 632 794 702 Addo
821 642 944 703 tamen
968 633 1025 706 his
1049 634 1232 716 omnibus,

63 751 160 840 quod
183 751 226 820 in
245 749 368 820 indice
386 749 523 820 saeculi
540 749 630 820 noni
648 749 845 821 vetustiore
859 750 1036 822 librorum
1054 764 1237 824 monaste-

60 869 99 939 rii
120 870 162 939 S.
187 868 293 939 Galli
317 869 414 940 inter
431 868 544 939 libros
562 868 710 940 scottice
735 868 888 961 scriptos
905 880 1103 943 occurrunt
1125 872 1236 965 “Epi-

60 987 170 1058 stolae
197 987 309 1058 Pauli
334 988 373 1058 in
398 986 470 1059 vol.
502 987 554 1058 Ι.”
582 985 652 1080 (Cs.
679 987 917 1060 Weidmanni
936 990 1036 1062 Hist.
1060 991 1231 1062 biblioth.

60 1108 91 1178 S.
126 1105 256 1187 Galli,
298 1115 335 1177 et
359 1106 503 1178 Kelleri
528 1107 734 1177 Comment.
762 1109 808 1178 de
837 1109 943 1179 codd.
972 1109 1171 1180 hibernicis
1195 1109 1234 1180 in

60 1226 239 1298 Helvetia
257 1227 459 1308 asservatis
482 1225 522 1297 in
540 1225 717 1321 exordio).

159 1346 292 1416 Codex
318 1344 455 1415 saeculi
482 1345 570 1416 noni
588 1344 646 1430 vel
670 1345 804 1416 decimi
822 1346 1090 1418 dicitur'codex
1109 1346 1235 1417 Pauli-

62 1489 124 1535 nus
138 1463 461 1558 Wirziburgensis
477 1463 663 1535 Eckharto
676 1464 716 1535 in
729 1464 810 1535 loco
828 1489 938 1559 supra
951 1465 1074 1548 allato,
1097 1465 1233 1537 saeculi

62 1585 165 1664 noni,
199 1583 338 1654 saeculi
356 1581 432 1655 sere
457 1583 608 1666 decimi,
640 1592 678 1654 et
702 1583 948 1655 bibliothecae
974 1585 1148 1656 ecclesiae
1174 1609 1235 1655 ca-

63 1702 238 1774 thedralis
265 1702 305 1775 in
332 1703 414 1774 aliis
444 1703 493 1796 (1,
516 1704 604 1775 272.
628 1702 729 1797 847).
778 1702 850 1773 Sed
874 1713 949 1776 tam
973 1703 1104 1798 lingua
1122 1728 1233 1796 quam

62 1823 241 1916 scriptura
260 1830 314 1893 est
332 1823 471 1901 eadem.
494 1846 590 1915 quae
604 1820 747 1893 obtinet
760 1822 800 1893 in
815 1823 939 1893 codice
948 1822 1229 1907 Mediolanensi,

63 1942 144 2012 dum
174 1941 357 2012 Prisciani
382 1940 630 2036 Sangallensis
656 1942 772 2012 codex
798 1965 1003 2036 congruens
1026 1942 1066 2012 in
1091 1965 1235 2013 summa

61 2060 264 2152 peculiaria
289 2063 471 2153 quaedam
494 2060 617 2144 offert;
658 2083 678 2129 e
703 2060 876 2131 societate
897 2061 1028 2131 horum
1048 2060 1227 2142 codicum,

61 2202 148 2270 qnos
172 2179 245 2250 viri
269 2181 367 2251 docti
386 2179 537 2272 quidam
558 2178 703 2249 saeculo
722 2187 849 2251 octavo
868 2178 1127 2260 attribuerunt,
1151 2182 1234 2250 abs-

60 2298 154 2369 trahi
172 2299 326 2371 omnino
344 2324 417 2371 non
437 2300 557 2370 debet.
1227 2380 1230 2385 ¹

160 2419 199 2489 3.
231 2417 358 2489 Codex
382 2416 669 2488 Mediolanensis
692 2416 938 2489 bibliothecae
966 2417 1232 2491 Ambrosianae

61 2536 269 2628 [distinctus
286 2549 374 2608 nota
391 2536 434 2608 C.
458 2536 544 2618 301,
568 2561 591 2606 a
608 2558 666 2606 me
684 2534 799 2606 literis
811 2536 910 2633 Ml),
933 2538 1136 2632 glossarum
1153 2562 1232 2609 mo-

57 2655 128 2727 lem
148 2656 345 2728 continens
368 2679 444 2727 non
471 2655 650 2726 minorem
677 2676 721 2724 ea
739 2677 850 2744 quam
877 2657 1041 2728 continet
1064 2657 1232 2729 codicum

57 2785 142 2847 ante
161 2775 346 2846 dictomm
364 2774 532 2866 quisque.
565 2773 661 2844 Eum
679 2772 720 2843 in
738 2772 1000 2847 bibliothecam
1018 2776 1232 2847 Ambrosia-

58 2919 143 2965 nam
171 2917 193 2964 e
212 2894 432 2965 monasterio
450 2892 625 2964 Bobiensi
643 2892 861 2965 translatum
879 2919 974 2977 esse,
1004 2894 1117 2966 tradit
1135 2894 1232 2964 noti-

59 3011 108 3082 tia
125 3013 168 3083 in
188 3009 309 3084 fronte
327 3012 461 3084 codicis
479 3014 633 3083 haecce:
662 3010 798 3082 “Hunc
823 3013 986 3083 codicem
1007 3022 1232 3083 commenta-

59 3131 198 3202 riorum
217 3131 255 3201 S.
278 3130 498 3225 Hieronymi
523 3129 563 3201 in
587 3129 757 3222 psalmos,
787 3129 1022 3225 longobardis
1044 3131 1232 3200 characte-

58 3250 158 3321 ribus
178 3249 425 3342 conscriptum
446 3274 488 3319 ac
502 3247 598 3321 notis
617 3246 686 3317 viri
703 3248 801 3319 docti
820 3250 1052 3342 adspersum,
1075 3248 1165 3319 scito
1183 3272 1231 3320 ex

59 3368 286 3439 bibliotheca
310 3367 418 3439 Bobii
442 3392 464 3436 a
483 3367 521 3436 S.
543 3367 773 3441 Columbano
799 3369 969 3439 instituta
994 3368 1170 3461 prodiisse
1189 3392 1231 3439 ac

61 3485 166 3557 Rmo.
190 3485 380 3558 Cardinali
399 3486 574 3558 Federico
592 3487 823 3570 Borromaeo,
846 3490 935 3558 dum
949 3486 1230 3558 Ambrosianam

60 3605 324 3677 bibliothecam
350 3605 554 3677 Mediolani
577 3606 791 3689 instrueret,
829 3607 941 3678 libros
965 3607 1231 3701 manuscriptos

60 3725 226 3816 undique
252 3725 502 3816 conquireret,
537 3749 558 3794 a
581 3725 862 3819 religiosissimis
888 3727 924 3796 S.
948 3726 1140 3798 Benedicti
1165 3751 1231 3820 pa-

60 3843 176 3914 tribus
193 3868 346 3915 munere
365 3843 524 3915 vicissim
549 3845 595 3914 ab
614 3844 693 3938 ipso
712 3844 819 3915 Rmo.
852 3845 1005 3926 donat0‚
1033 3846 1231 3936 perhuma-

59 3962 154 4034 niter
178 3961 346 4034 0blatum
370 3961 483 4034 fuisse
513 3986 611 4033 anno
648 3964 742 4036 looo
769 3965 934 4034 Antonio
958 3962 1128 4056 orgiaco,
1164 3961 1230 4052 qui

58 4081 198 4173 primus
217 4105 298 4152 eam
316 4081 579 4152 bibliothecam
599 4082 780 4166 tractavit,
803 4081 1020 4176 praefecto.'‘

159 4200 417 4277 Inventarium
442 4199 621 4273 librorum
646 4201 858 4273 monasterii
884 4197 1076 4272 Bobiensis
1106 4198 1230 4270 conse

58 4329 158 4390 ctum
176 4344 211 4389 a.
239 4320 332 4392 1461
363 4329 401 4393 et
426 4320 567 4392 editum
593 4322 639 4392 ab
657 4321 707 4392 A.
729 4321 873 4415 Peyron
900 4319 940 4388 in
959 4316 1080 4389 Praes.
1103 4319 1149 4388 ad
1168 4317 1230 4389 Ci-

57 4462 127 4510 cer.
150 4440 273 4511 Oratt.
295 4436 427 4532 fragm.
449 4439 607 4522 inedita,
637 4440 760 4533 Stutg.
785 4439 894 4521 1824,
923 4436 1014 4507 haec
1041 4438 1087 4507 de
1105 4436 1229 4507 codice
