2896 4980
139 347 202 409 428
412 344 478 406 ΙΙΙ.
505 347 535 404 2.
555 384 559 391 -
581 362 702 405 rnaxro
717 362 818 405 vaaru
835 361 1028 405 nranaurcr.

139 512 333 587 stantivum,
357 513 496 594 adeoque
517 511 644 594 plenius
667 510 890 574 sit'interdum
911 508 1095 585 hibernico,
1119 519 1154 570 ut
1177 508 1207 570 in
1228 533 1267 572 usu

140 629 321 701 temporum
335 617 603 681 secundariorum.

400 1160 432 1231 Ι.
488 1160 690 1232 Verbum
723 1159 1041 1231 hibernicum.

228 1392 360 1455 Vocales
382 1391 558 1455 flexiouum
576 1390 664 1454 verbi
686 1389 839 1454 hibernici
856 1389 1149 1473 monosyllabarum
1163 1402 1274 1451 sunteo
1292 1408 1295 1417 ·
1335 1454 1337 1479 ἰ

141 1498 215 1558 dem
235 1497 329 1558 modo
350 1497 437 1559 utin
451 1495 580 1559 nomine
595 1507 652 1558 aut
672 1507 871 1558 externae
897 1504 953 1557 aut
978 1493 1188 1569 internae,
1205 1515 1228 1554 e.
1241 1513 1275 1574 gr.
1330 1494 1337 1567 ἶ

141 1600 176 1662 in
197 1599 353 1683 primast
375 1603 513 1664 secunda
532 1622 667 1684 persona
688 1599 814 1663 numeri
833 1598 1003 1682 singularis
1018 1597 1193 1682 praesentis
1205 1595 1276 1681 prim.
1335 1592 1337 1597 ’

141 1703 247 1779 activi,
257 1715 353 1786 prout
363 1707 494 1769 verbum
506 1706 649 1788 sequitur
659 1705 741 1768 hanc
753 1705 804 1767 vel
815 1704 904 1768 illam
915 1698 1065 1766 flectendi
1076 1724 1229 1775 normam3
1240 1701 1279 1762 ob

142 1807 246 1870 tinent
257 1807 400 1872 internae
409 1821 515 1872 tamen
523 1830 647 1892 semper
656 1810 689 1872 in
699 1809 888 1892 quibusdam
896 1808 1052 1892 personis,
1064 1830 1092 1870 e.
1102 1829 1152 1891 gr.
1162 1805 1280 1890 inprims

141 1922 174 1973 et
189 1914 327 1975 secunda
342 1913 510 1996 singularis
525 1915 687 1997 praeteriti
702 1914 795 1997 prim.
810 1923 842 1977 et
857 1913 891 1975 in
905 1911 1009 1995 prima
1021 1911 1193 1995 singularis
1204 1908 1281 1973 fuum

142 2016 248 2079 activi.
275 2018 465 2080 Flexionum
480 2019 615 2080 duarum
630 2018 680 2080 vel
694 2017 836 2101 plurium
851 2018 1044 2100 syllabarum
1060 2017 1185 2080 vocales
1196 2015 1283 2079 incho

141 2133 232 2185 antes
254 2124 347 2186 modo
370 2134 536 2186 servantur
560 2124 653 2186 modo
674 2123 837 2185 eliduntur
857 2124 1034 2185 secundum
1055 2122 1200 2205 regulas,
1220 2139 1284 2202 quae

140 2248 238 2310 supra
259 2227 392 2290 traditae
417 2239 494 2290 sunt
513 2231 559 2312 (p.
580 2234 617 2288 34
631 2230 707 2309 sq.).
748 2228 789 2289 In
812 2225 968 2310 ejusmodi
995 2224 1208 2309 positionibus
1226 2239 1288 2286 uota

140 2330 240 2392 futuri
255 2334 283 2393 B
298 2332 457 2395 fluctuans
472 2332 506 2394 in
522 2334 549 2394 F
563 2333 639 2395 item
649 2331 718 2415 jam
733 2333 948 2394 demonstrata
962 2340 1011 2393 est
1026 2334 1073 2413 (p.
1094 2334 1161 2411 72).

225 2437 393 2499 Notandae
409 2448 485 2498 sunt
498 2444 527 2498 3.
541 2459 624 2519 pers.
638 2434 814 2520 praesentis
826 2436 919 2518 prim.
934 2435 1030 2498 activi
1043 2436 1143 2498 trium
1154 2436 1291 2497 serierum

138 2539 280 2623 priorum
302 2552 333 2602 et
355 2540 455 2602 futuri
474 2540 594 2622 primae
609 2540 794 2623 praesertim
808 2540 899 2602 seriei
913 2541 994 2602 duae
1009 2539 1141 2615 formae,
1160 2563 1221 2602 una
1234 2539 1295 2624 ple-

140 2643 220 2719 nior,
236 2645 380 2707 absoluta
395 2656 427 2706 et
441 2644 586 2727 positiva,
601 2669 682 2728 quae
697 2645 817 2708 scilicet
828 2645 861 2707 in
874 2644 977 2707 verbis
990 2644 1184 2707 sententiam
1195 2644 1295 2706 incho-

139 2748 266 2811 antibus
290 2748 431 2812 obtinere
454 2751 544 2826 solet,
562 2771 663 2833 praes
682 2750 741 2825 -2‘d,
760 2750 820 2811 fut.
839 2749 938 2821 -r‘tid,·
963 2749 1062 2811 altera
1077 2749 1211 2825 brevior,
1228 2770 1298 2810 con·

138 2864 258 2916 structa
269 2855 320 2917 vel
332 2854 488 2936 negativa,
503 2876 605 2937 praes.
621 2854 709 2916 -ivel
722 2878 766 2930 -a,
781 2855 841 2917 fut.
857 2855 934 2928 -ita,
949 2853 1044 2915 -itea
1072 2853 1113 2914 In
1125 2852 1196 2915 aliis
1207 2852 1302 2914 etiam

139 2958 282 3040 personis
294 2958 399 3034 activi,
415 2970 451 3021 ut
463 2958 497 3020 in
511 2966 539 3021 3.
555 2981 636 3042 pers.
653 2959 734 3040 sing.
750 2972 782 3021 et
796 2960 880 3041 plur.
894 2958 1023 3041 passivi,
1036 2958 1149 3019 eadem
1160 2958 1301 3019 differem

139 3062 184 3124 tia
204 3063 296 3125 solita
311 3074 369 3138 est,
388 3063 432 3125 ita
448 3065 576 3146 quidem
591 3075 628 3125 ut
644 3064 657 3125 ι’
670 3064 815 3126 flexionis
831 3063 872 3125 sit
887 3063 1015 3146 signum
1029 3061 1200 3146 positionis
1215 3063 1301 3123 abso⁶

137 3167 234 3242 lutae,
256 3191 276 3229 o
290 3169 341 3229 vel
356 3192 372 3230 e
387 3169 552 3251 positionis
568 3168 775 3250 dependentis
790 3169 840 3229 vel
856 3168 1032 3250 negativae.

224 3273 302 3334 Post
325 3273 561 3336 terminationes
582 3295 788 3357 personarum
808 3271 1063 3355 frequentissime
1078 3273 1303 3354 pronominum

138 3375 321 3450 infirmum,
340 3400 420 3458 quae
439 3381 567 3453 adsunt,
586 3389 679 3440 notae
695 3389 847 3460 augentes
863 3377 1039 3459 affiguntur
1055 3388 1122 3438 tam
1138 3377 1172 3439 in
1187 3377 1294 3449 activo,

138 3500 233 3559 quam
254 3480 389 3560 passivo.
423 3483 463 3542 In
483 3483 706 3564 conjugatione
728 3483 886 3564 personali
901 3481 995 3544 activi
1010 3480 1194 3563 frequenter
1208 3481 1300 3543 etiam

138 3582 276 3657 additur,
295 3584 416 3645 ratione
440 3607 505 3647 non
526 3587 635 3650 habita
657 3587 852 3671 pronominis
875 3585 984 3659 infixi,
1002 3584 1029 3646 si
1051 3585 1182 3667 aliquod
1202 3587 1293 3656 adest,

137 3699 214 3749 nota
234 3709 354 3769 augens
376 3690 572 3770 pronominis
595 3692 663 3774 ejus
684 3714 836 3774 personae
859 3712 938 3773 quae
960 3688 1084 3752 obtinet
1098 3689 1135 3751 in
1151 3692 1252 3762 verb'o,
1268 3710 1294 3748 s.

136 3813 204 3875 gn:
227 3792 432 3870 sodar'mimse
448 3795 585 3878 (tolero),
604 3797 779 3878 dalapubsa
796 3796 1002 3877 (ignosoem),
1021 3795 1176 3857 cretmem'
1193 3791 1293 3876 (credi-

137 3901 235 3973 mus),
256 3897 455 3960 lobramarni
469 3899 668 3983 (loquimur),
683 3899 839 3962 sluindiso
855 3898 1055 3981 (significas),
1070 3897 1230 3961 asbera'dsi
1241 3895 1291 3977 (di-

137 4000 241 4075 citis),
262 4002 422 4065 doberidsi
444 4005 609 4084 (affertis),
627 4026 691 4066 om.
708 4004 904 4086 ronpabussa
925 4006 977 4083 (ut
998 4001 1079 4082 fui),
1094 4003 1288 4086 fotrucbusso

139 4105 266 4185 (reliqui
283 4111 338 4186 te),
354 4106 428 4169 hore
443 4109 701 4171 nondobmolorsa
718 4107 806 4189 (quia
821 4107 916 4169 laudo
931 4110 1012 4186 vos),
1031 4127 1096 4169 om.
1114 4107 1285 4171 rondobcar·

135 4207 242 4272 somni
258 4212 308 4286 (ut
323 4211 497 4273 amavimus
514 4218 594 4294 vos).

624 4449 810 4459 —.-———-
