2896 4980
148 347 208 406 140
348 345 376 407 Ι.
406 352 434 406 l.
479 364 648 409 consonas
665 364 892 409 saltemareis
906 363 1101 406 smannens.

144 516 304 589 Draonus,
322 513 439 575 fluvius
455 513 613 595 spinosus,
631 514 767 597 vepretis
782 513 924 576 consitus
935 512 959 594 l)
975 515 1099 575 Auson.
1117 512 1260 588 Mosell,
1278 535 1293 576 ι

143 619 177 680 in
200 618 382 681 nominibus
404 619 503 680 obviis
526 619 561 681 in
575 618 835 701 inscriptionibus
851 617 1034 700 compositis
1050 617 1170 680 -nehae
1186 618 1241 697 (el.
1258 617 1293 680 br

143 723 244 786 diem.
271 745 360 807 may,
379 722 525 806 spiritus,
544 723 712 800 vivacitas,
731 756 774 777 ==
788 727 855 807 ne).
895 722 1057 785 l'crtraha
1079 720 1114 784 in
1131 723 1293 810 GratiiC]

143 828 287 911 negetico
302 827 408 890 minus
424 841 568 891 accurate
583 829 743 892 redditum
757 852 815 913 pro
828 839 986 912 bertreys,
1001 836 1168 911 tertruqus
1180 829 1293 895 alioru

143 934 332 1017 scriptorum
347 934 401 1015 (cs.
420 934 451 997 G
467 934 703 1017 britannicam).

229 1107 265 1207 S
282 1167 356 1227 ergo
372 1144 552 1227 spirationis
568 1145 697 1208 celticae
712 1148 778 1208 dux
793 1157 825 1208 et
841 1144 988 1229 princeps
1004 1157 1063 1208 est.
1097 1147 1186 1208 Nota
1200 1145 1293 1210 inter,

141 1271 174 1319 et
195 1257 216 1320 Ιι
232 1258 370 1320 affinitas
392 1268 424 1319 et
443 1257 611 1320 alternatio
627 1257 661 1319 in
676 1256 795 1340 linguis
811 1256 1044 1340 indeuropaeis,
1063 1279 1201 1339 quarum
1215 1281 1242 1321 e.
1257 1280 1293 1341 gr.

141 1362 262 1446 persica
285 1362 306 1425 Ιι
326 1361 445 1444 profert
462 1362 530 1444 jam
550 1364 590 1425 ab
610 1361 839 1444 antiquissimis
862 1362 1057 1445 temporibus
1079 1362 1114 1425 in
1130 1364 1293 1428 roeibusin

142 1468 257 1549 quibus
279 1490 294 1529 s
313 1466 475 1529 invenitur
490 1467 523 1528 in
539 1467 655 1543 indica,
674 1479 710 1529 ut
726 1467 761 1529 in
776 1467 905 1530 nomine
921 1468 1074 1530 sanserito
1092 1470 1232 1546 Sr‘rrdlru,
1248 1471 1291 1531 flu·

141 1570 186 1632 vii
200 1583 233 1634 et
245 1572 392 1653 regionis,
408 1573 493 1654 quod
505 1571 610 1633 Persis
622 1583 671 1634 est
680 1573 810 1648 Haradu,
825 1595 942 1636 nomen
955 1573 1045 1635 fluvii
1059 1573 1221 1656 primitus,
1234 1573 1289 1636 dein

142 1688 174 1739 et
195 1677 332 1758 regionis
354 1687 385 1739 et
407 1676 598 1753 incolarum,
617 1689 712 1760 atque
734 1701 751 1741 e
773 1677 894 1761 persico
914 1700 967 1741 ore
987 1679 1026 1740 ad
1043 1678 1184 1742 Graecos
1199 1688 1230 1739 et
1242 1677 1289 1738 lle

141 1804 251 1844 manos
274 1793 505 1865 transgressum
519 1782 633 1860 Indae,
652 1783 740 1846 Indi.
774 1783 919 1866 Itemque
939 1783 1040 1846 latina
1054 1784 1168 1866 lingua
1183 1781 1289 1845 exhibet

140 1906 156 1945 s
181 1907 239 1966 pro
264 1908 376 1968 graeca
401 1887 603 1970 aspiratione.
645 1886 729 1948 Sunt
755 1885 832 1947 adeo
859 1885 893 1947 in
915 1907 981 1947 una
1004 1885 1179 1966 eademque
1200 1884 1290 1965 lingo

141 1988 297 2071 ejusmodi
316 1993 533 2057 alternationis
555 1993 589 2054 in
613 2013 677 2052 una
699 2012 773 2053 voce
796 1991 956 2074 exempla,
975 2013 1003 2052 e.
1020 2012 1069 2072 gr.
1088 1989 1124 2050 iu
1143 1984 1288 2071 graecaiu

142 2100 214 2175 σῦς,
232 2095 375 2178 celdwa,
393 2095 510 2185 συηνός
531 2108 626 2181 atque
648 2084 702 2173 ὗς,
718 2091 834 2172 datae,
854 2095 889 2156 in
909 2094 1089 2177 germanica
1105 2093 1140 2156 in
1156 2095 1220 2157 salt
1233 2088 1289 2174 (sal)

141 2215 173 2265 et
196 2203 272 2267 lala
289 2207 431 2286 (immine
451 2204 651 2288 oppidorum,
669 2202 702 2263 in
720 2200 835 2282 quibus
851 2200 897 2262 sal
913 2200 1085 2284 coquitur),
1105 2199 1138 2262 in
1155 2196 1289 2263 cambria

140 2308 175 2370 iu
191 2310 236 2373 sil
247 2323 279 2372 et
294 2311 344 2373 Ja'l
363 2314 496 2391 (semen,
514 2308 692 2392 progenies,
709 2306 894 2390 productim
919 2305 1043 2367 hibern.
1062 2315 1126 2367 vet.
1145 2306 1212 2387 sa'l).
1243 2298 1289 2365 Sed

140 2426 218 2477 sunt
243 2416 402 2478 rarissima
431 2414 585 2496 ejusmodi
618 2412 781 2496 exempla,
808 2423 840 2473 et
866 2433 1010 2493 quaeque
1036 2411 1149 2493 lingua
1174 2412 1289 2473 duarum

140 2519 331 2602 spirantitun
346 2520 406 2581 sibi
422 2520 487 2582 sive
502 2520 585 2581 hanc
601 2519 799 2580 solummodo
812 2515 975 2600 adoptavit
990 2515 1055 2577 sire
1068 2515 1158 2578 illam
1169 2532 1289 2578 commu·

142 2624 235 2687 niter.
270 2625 388 2691 Quaeri
404 2635 510 2686 tamen
526 2635 630 2706 potest
645 2623 793 2706 ampliuS,
813 2643 932 2697 annon,
952 2620 1060 2683 relicta
1077 2642 1114 2682 ea
1129 2622 1247 2705 regula,
1261 2615 1293 2680 sit

140 2728 247 2812 aliqua
273 2728 401 2812 lingua,
427 2751 507 2812 quae
530 2739 697 2811 utramque
724 2729 898 2811 spirantem
925 2725 1142 2809 adoptaverit?
1164 2728 1212 2789 Ae
1232 2744 1293 2790 sane

138 2845 197 2911 est,
215 2834 393 2898 britannica
408 2848 516 2898 nostra
531 2835 610 2919 ipsa,
627 2835 780 2917 posterior
796 2844 899 2896 aetate
913 2834 1145 2908 Romanorum,
1160 2855 1241 2915 quae
1254 2849 1293 2894 eea

138 2963 240 3019 voees,
259 2941 374 3024 quibus
390 2942 538 3005 convenit
553 2964 568 3004 s
584 2940 618 3003 in
633 2940 804 3022 aliquibuS,
821 2951 858 3000 ut
872 2938 906 3000 in
921 2937 1066 3021 proxima
1080 2935 1293 3014 hibernicam

138 3048 269 3129 gallica,
293 3048 409 3124 latina,
429 3048 552 3124 indica,
577 3047 612 3108 in
633 3046 703 3108 aliis
725 3046 763 3122 lt,
783 3058 820 3106 ut
841 3045 875 3106 in
895 3042 1027 3127 persica,
1045 3065 1168 3125 graeca,
1188 3043 1223 3106 in
1245 3045 1293 3106 due

139 3154 265 3235 agmina
281 3154 447 3237 separavit,
467 3165 529 3216 ets
550 3152 618 3228 uni,
637 3151 728 3214 alteri
744 3151 765 3214 a
780 3149 936 3225 attribuit,
955 3149 987 3210 id
1003 3159 1061 3225 est,
1080 3149 1293 3231 sprimitivam

138 3259 267 3342 linguae
287 3260 433 3334 celticae,
453 3258 569 3341 quaelr
592 3257 761 3320 radicalem
776 3255 952 3331 nesciebat,
972 3255 1108 3317 servavit
1124 3255 1159 3317 in
1174 3278 1241 3318 uno
1255 3276 1293 3338 ag·

139 3365 241 3439 mine,
271 3364 305 3426 in
340 3364 438 3426 altero
464 3362 600 3425 mutavit
628 3363 662 3424 in
688 3362 720 3425 Ιι.
763 3364 814 3425 En
841 3361 954 3424 horum
981 3361 1115 3422 duorum
1144 3360 1293 3443 agminun

138 3469 294 3551 exempla.

223 3573 452 3636 Cambricas
469 3585 557 3636 extra
572 3573 772 3657 positionem.
796 3580 824 3633 1.
843 3573 885 3634 In
900 3570 992 3633 initio
1008 3592 1133 3633 vocum.
1153 3569 1293 3654 Exempli

138 3680 293 3761 quaedam
308 3678 450 3742 radicum
465 3678 594 3743 aliunde
609 3692 774 3742 notarum:
793 3677 874 3740 seith
891 3677 1106 3754 (hibemarat.
1124 3676 1222 3751 seclet,
1241 3697 1293 3759 sep

138 3789 215 3867 tem)
232 3786 309 3868 Leg.
321 3785 409 3846 Mab.
428 3785 538 3849 saeida
554 3789 611 3865 (=
622 3785 785 3867 sagittare)
801 3784 890 3844 Mab.
902 3783 945 3864 fq.
970 3783 997 3844 E
1013 3781 1114 3845 lexico
1130 3780 1286 3844 cambrieo

136 3912 191 3953 soe
214 3895 354 3974 (pannus
376 3891 508 3968 laneae,
527 3914 641 3954 annor.
660 3890 734 3951 hod.
760 3889 834 3963 aab,
860 3888 986 3961 tunica,
1011 3886 1136 3948 hibern.
1155 3899 1221 3950 ret.
1246 3884 1293 3950 scii

136 3997 181 4079 gl.
198 3997 352 4079 paenula,
372 3996 497 4073 tunica,
515 3998 651 4071 lacerna,
671 3997 746 4057 Wb.
768 3990 855 4076 30⁶),
874 3992 964 4069 saia,
983 3991 1028 4075 pl.
1046 3990 1172 4054 seinr'aa
1189 3994 1247 4074 (=
1261 4012 1293 4054 so

137 4106 230 4185 nus),
247 4102 378 4165 set'niaw
395 4105 539 4183 (sonare;
564 4113 627 4164 vet.
645 4101 770 4163 hibern.
788 4102 855 4162 rad.
875 4099 960 4160 verb.
978 4121 1075 4172 seren,
1093 4098 1181 4160 unde
1205 4098 1293 4160 subst

136 4230 241 4282 sarem,
260 4208 416 4288 sonitus),
434 4210 515 4270 redd
528 4213 584 4287 (=
599 4209 722 4287 sedes),
740 4207 840 4268 sedda
856 4206 995 4286 <sedere3
1021 4225 1121 4286 germ.
1140 4201 1248 4275 sitam
1265 4200 1293 4263 cl

137 4312 261 4374 hibern.
279 4324 342 4374 vet.
361 4313 477 4393 auide),
496 4313 586 4376 serch
603 4314 714 4392 (amor,
733 4310 857 4373 hibern.
876 4322 938 4372 vet.
958 4313 1052 4389 sere).

224 4423 253 4479 2.
280 4418 320 4480 In
342 4418 445 4481 medio
467 4430 500 4482 et
522 4421 586 4482 line
606 4438 720 4481 vocum
742 4438 822 4498 quae
843 4426 1006 4478 exstante
1029 4413 1207 4498 simplieeS,
1233 4433 1292 4475 sun
