2896 4980
139 386 145 395 ,
239 320 313 378 XVI
726 333 923 379 unianimo.

242 489 437 560 translatus
461 487 573 561 fuerit
595 490 711 561 codex
734 490 773 560 in
800 500 934 561 terram
966 488 1216 559 continentem
1246 496 1409 580 tempore

240 607 376 699 aliquo.
400 590 439 679 in
457 608 676 679 monasterio
694 608 883 679 hibernico
901 609 1036 700 scripta
1053 606 1164 677 fuisse
1182 617 1410 700 praetorne

240 727 341 797 mina
367 727 475 797 obvia
496 727 657 798 virorum
674 727 886 819 aequalium
907 725 1055 797 nonnisi
1080 726 1290 807 hibernica,
1322 727 1410 797 Fer-

236 869 317 939 yos,
341 845 503 942 Donpus,
532 847 707 926 Coirbdre,
737 846 867 916 Caluus
885 844 1321 940 Potricii(ll1delpdtric}‚
1353 845 1411 916 in-

241 964 362 1035 dicare
377 965 523 1036 videtur
540 963 659 1059 glossa
677 963 788 1034 etiam
807 963 1018 1059 marginalis
1042 963 1133 1034 hacc
1157 963 1310 1056 paulum
1328 987 1411 1034 mu-

242 1081 308 1153 tila
335 1083 443 1155 203¹:
486 1084 653 1156 ascidas
671 1086 791 1179 patric
818 1087 838 1154 7
868 1084 957 1178 briq.
986 1107 1029 1154 ar
1055 1084 1266 1178 nraeltrryta
1285 1084 1411 1155 nomba

241 1201 311 1273 olco
334 1226 492 1275 antenma
504 1200 632 1297 srimm
664 1201 897 1273 :stne-ribnnd
919 1201 1100 1273 roscrilad
1123 1201 1290 1274 indatso*
1322 1201 1407 1297 (leg.

240 1322 404 1402 matthas,
427 1320 636 1393 arseridand
646 1321 663 1390 ,Ρ
681 1321 825 1390 bonitas
840 1318 991 1392 Patricii
1009 1329 1047 1390 et
1058 1318 1221 1413 Brigitae
1239 1322 1279 1391 in
1291 1319 1411 1391 Mael-

241 1438 421 1533 brigtum,
453 1463 500 1509 ne
518 1439 566 1509 sit
583 1438 701 1509 malus
718 1438 797 1533 ejus
815 1438 959 1509 animus
979 1437 1070 1508 mihi
1088 1449 1237 1531 propter
1255 1439 1412 1532 scriptu-

241 1581 320 1627 ram
349 1582 423 1649 qua
447 1558 623 1651 scriptum
647 1567 702 1629 cst
724 1558 793 1628 hoc
819 1560 936 1652 opus),
970 1556 1009 1627 in
1035 1580 1109 1648 qua
1131 1580 1266 1629 nomen
1292 1557 1412 1629 111άεί-

243 1677 352 1771 bripte
376 1676 642 1771 haberipossit
665 1699 800 1748 nomen
825 1676 968 1748 abbatis
991 1676 1201 1747 monasterii
1229 1676 1288 1747 vel
1306 1699 1411 1769 prae-

241 1795 352 1888 positi
369 1796 569 1867 scribendis
587 1796 702 1868 libris.

346 1914 418 1986 Sed
430 1916 539 1987 debet
551 1916 678 2008 quaeri
691 1925 800 1995 certe,
819 1940 867 1986 an
879 1940 954 1987 non
966 1925 1066 1987 ortus
1078 1940 1156 1987 esse
1168 1915 1282 2010 possit
1293 1917 1409 1987 codex

241 2034 282 2103 in
291 2034 554 2106 monasterioS.
566 2034 754 2129 Galliipso
766 2035 825 2107 vel
836 2035 875 2106 in
886 2034 974 2106 locis
982 2035 1122 2116 vicinis,
1133 2036 1173 2104 in
1186 2035 1321 2126 quibus
1334 2059 1411 2104 mo

242 2153 351 2223 uachi
359 2152 457 2225 Scoti
465 2155 660 2248 degebant.
684 2153 903 2226 Obnomina
917 2164 1123 2224 sanctorum
1134 2163 1171 2224 et
1183 2154 1344 2223 virorum
1352 2153 1410 2224 hi-

241 2272 391 2342 bernica
404 2274 585 2344 duntaxat
595 2273 658 2345 vix
672 2275 742 2345 hoc
754 2272 905 2344 concedi
917 2273 1053 2366 poterit
1066 2274 1111 2344 dc
1120 2273 1156 2342 S.
1169 2270 1270 2343 Galli
1283 2295 1409 2342 mona-

243 2391 352 2461 sterio
369 2390 427 2461 vel
436 2390 677 2484 deRinaugia
691 2392 766 2462 sive
776 2391 898 2485 Angia
911 2391 1051 2462 minore
1065 2392 1190 2485 (germ.
1206 2389 1403 2485 Rhomen),

242 2507 307 2579 ubi
325 2518 407 2600 post
426 2509 635 2580 Findauum
654 2510 749 2582 circa
768 2535 802 2580 a.
826 2511 898 2581 800
927 2509 1110 2581 inclusum
1135 2509 1273 2581 fuerint
1297 2509 1408 2580 etiam

242 2625 307 2696 alii
323 2626 432 2707 Scoti,
456 2627 516 2699 vcl
534 2629 579 2698 de
596 2629 722 2724 Angla
739 2628 875 2723 majore
902 2629 977 2701 sive
995 2629 1127 2713 dirite;
1160 2653 1206 2698 cx
1221 2629 1290 2699 hoc
1310 2628 1409 2699 enim

243 2744 419 2817 oriundus
431 2748 547 2817 codex
558 2773 597 2819 n.
611 2749 633 2819 4
648 2748 760 2819 etiam
772 2771 829 2818 res
841 2748 1067 2842 germanicas
1079 2748 1214 2841 prodit.
1245 2747 1318 2818 Sed
1330 2746 1409 2818 sne-

242 2872 329 2934 runt
343 2864 454 2935 etiam
466 2865 622 2962 collegia
636 2890 719 2937 cum
734 2866 1002 2945 habitatoribus
1012 2866 1140 2948 Scotis,
1163 2866 1194 2937 si
1206 2889 1281 2937 non
1293 2865 1409 2936 omni-

241 2983 328 3064 bus,
352 2991 476 3055 tamen
493 2983 790 3079 praevalentibus
808 3009 979 3067 numero,
1002 2995 1044 3055 ut
1062 2986 1171 3056 Mons
1190 2984 1227 3055 S.
1249 2983 1410 3054 Victoris

241 3124 355 3195 prope
374 3102 646 3186 Feldkiroham
671 3104 824 3201 junctus
840 3103 1058 3176 monasterio
1078 3103 1115 3174 S.
1138 3103 1257 3186 Galli,
1278 3105 1408 3194 “quem

241 3229 415 3302 montem,
428 3245 502 3312 quo
509 3223 685 3315 reliquiae
693 3232 731 3297 et
743 3223 896 3295 ecelesia
906 3222 1024 3294 sancti
1031 3223 1190 3294 Victoris
1203 3231 1411 3293 constructa

242 3359 319 3407 esse
329 3338 542 3422 dinoscitur,
561 3349 673 3431 atque
690 3341 859 3435 religioso
879 3343 1161 3431 quorundam
1182 3342 1411 3411 Scotorum

242 3464 468 3526 conventu
485 3455 676 3539 incolitur,
710 3459 758 3528 ad
781 3458 1042 3529 monasten‘um
1061 3460 1186 3530 Sancti
1204 3459 1306 3531 Galli
1325 3460 1411 3555 jure

241 3572 503 3666 proprietario’
524 3575 680 3647 contulit
692 3574 843 3647 Carolus
855 3577 1005 3648 Crassus
1018 3603 1052 3649 a.
1076 3581 1148 3651 882
1170 3579 1352 3674 (Neugart
1368 3600 1406 3650 n.

244 3690 342 3786 533).
389 3692 518 3763 Tradit
534 3692 632 3764 idem
650 3719 684 3765 a.
708 3694 781 3766 885
798 3695 996 3786 “quasdam
1012 3721 1071 3768 res
1088 3698 1127 3768 in
1146 3697 1234 3769 nlla
1252 3697 1413 3770 Raitinis

243 3810 290 3880 ad
307 3811 515 3883 venerabile
534 3811 571 3883 S.
595 3813 696 3884 Galli
714 3817 975 3887 monasterium
993 3840 1037 3887 ea
1052 3817 1216 3900 ratione,
1247 3824 1290 3888 ut
1307 3816 1412 3887 dein-

243 3951 328 4021 ceps
359 3929 521 4023 deipsis
552 3934 660 4003 rebus
690 3934 927 4006 duodecim
953 3936 1185 4031 peregrini
1215 3935 1256 4006 in
1287 3943 1411 4005 monte

244 4047 282 4116 S.
301 4048 461 4120 Victoris
478 4055 743 4143 procurentur‘'
765 4052 813 4146 (N
815 4076 899 4148 eug.
911 4079 949 4125 n.
965 4053 1058 4140 553;
1082 4052 1264 4127 cf.Pe1·tz.
1281 4056 1316 4138 2,
1332 4053 1411 4148 73);

311 4245 323 4271 ⁸
342 4245 433 4301 Subst.
454 4247 515 4313 dul,
535 4258 671 4315 creatura,
687 4269 730 4305 ros
745 4252 782 4323 (p.
797 4256 856 4317 991,
871 4255 951 4325 not),
965 4253 1017 4307 hoc
1030 4253 1090 4307 loeo
1103 4272 1171 4325 opus
1183 4257 1296 4310 sortasse
1310 4252 1414 4324 signifi·

242 4346 315 4382 cans.
347 4330 402 4384 Sed
414 4340 455 4385 est
466 4333 530 4387 hod.
546 4335 650 4391 hibom.
665 4336 807 4402 daltaobl,
822 4339 936 4409 pagina,
952 4338 996 4391 vix
1010 4338 1080 4392 lotus
1096 4338 1297 4410 (monartio)
1313 4338 1411 4407 operis,

241 4415 333 4484 potius
344 4415 412 4481 solii,
427 4427 459 4472 ut
470 4419 592 4474 rideatur
600 4420 772 4491 jungundum
785 4421 833 4476 dut
843 4440 904 4477 cnm
917 4425 1003 4479 subst.
1018 4425 1088 4480 duta
1103 4418 1140 4495 (p.
1155 4425 1210 4495 45).
