2896 4980
543 372 740 419 1111111110.
1111 354 1231 413 XXVII

61 529 220 601 t'onradi
240 541 278 601 et
292 526 468 601 Friderici
481 527 722 598 Barbarossae
735 526 977 620 capellanum,
1001 522 1132 596 habuit
1149 547 1232 594 suc-

58 673 250 730 cessorem.
269 647 334 740 qui
353 646 544 719 ecclesiam
558 647 595 717 S.
609 644 761 740 Acgidii
776 647 793 666 “
806 645 954 737 quadris
966 654 1004 716 et
1016 642 1232 716 naturaliter

56 767 255 840 rubricatis
273 766 459 860 lapidibus
476 765 680 837 construxit
686 768 716 847 ''‚
746 771 837 836 teste
851 765 1020 836 Hiberno
1035 762 1229 834 monacho.

57 887 242 982 Gregorio
255 885 456 958 Christiani
473 907 676 957 successore
690 883 952 955 monasterium
965 882 1233 955 Ratisbonense

57 1015 211 1102 regente
228 1005 491 1077 Vindobonam
514 1004 625 1075 etiam
650 1003 691 1074 in
714 1002 976 1074 monasterium
998 1002 1189 1074 Scotorum
1211 1023 1235 1068 a

57 1127 150 1198 duce
180 1125 361 1196 Heinrico
385 1123 597 1195 institutum
629 1121 831 1218 “viginti
857 1131 1053 1214 quatuor
1079 1118 1230 1191 fratres''

58 1248 122 1316 sub
157 1245 295 1315 abbate
327 1244 501 1316 Sanctino
533 1244 817 1323 descenderunt,
858 1240 995 1331 aliique
1021 1238 1120 1310 Scoti
1154 1246 1233 1309 tum

59 1363 317 1434 Eichstadium
335 1363 496 1456 primum
515 1369 695 1433 venerunt
714 1360 822 1454 (Ball.
837 1361 946 1432 Febr.
970 1361 1006 1442 2,
1030 1360 1116 1431 311.
1135 1357 1228 1438 372ς

60 1483 104 1554 cs.
128 1484 257 1554 Perta.
292 1483 348 1565 11,
381 1482 481 1576 617).
535 1480 722 1555 Hibernos
745 1481 812 1553 hos
836 1504 962 1551 omnes
987 1489 1062 1550 tam
1083 1475 1235 1549 nomina

62 1626 173 1693 quam
191 1601 353 1673 narratio
371 1600 452 1694 ipsa
475 1601 743 1685 demonstrant;
773 1599 985 1672 recentioris
1006 1600 1155 1671 demum
1174 1618 1235 1665 ae*

63 1722 146 1792 tatis
164 1722 319 1791 abbates
337 1730 375 1791 et
391 1707 538 1801 fratres,
571 1742 594 1789 a
611 1727 756 1789 vetusta
773 1717 997 1789 abstinentia
1014 1726 1051 1788 et
1069 1713 1235 1787 doctrina

64 1840 342 1934 degenerantes
364 1836 547 1911 contraria
558 1846 738 1909 sectantes
755 1849 793 1909 et
806 1840 905 1909 bona
916 1835 1229 1912 monasteriorum.

63 1961 153 2031 adeo
171 1958 333 2038 libros,
363 1957 622 2038 distrahentes,
647 1956 857 2052 junioribus
880 1979 900 2026 e
918 1954 1038 2047 patria
1055 1978 1130 2026 non
1148 1953 1235 2022 suh-¹

62 2076 323 2169 sequentibus,
351 2075 512 2148 colonias
536 2101 619 2149 suas
643 2077 682 2146 in
700 2074 901 2147 Germania
927 2073 1142 2144 continuare
1160 2094 1235 2151 non

63 2205 268 2289 potuemnt
290 2206 328 2268 et
345 2195 549 2267 Germanos
575 2217 798 2267 successores
815 2195 1043 2272 habuerunt,
1074 2189 1235 2284 primum

62 2314 310 2386 Vindobonae
328 2322 366 2385 et
384 2313 649 2410 Norimbergae
667 2313 774 2385 annis
796 2312 891 2384 1413
911 2320 948 2383 et
971 2310 1078 2391 1418,
1102 2307 1235 2380 deinde

62 2432 297 2527 Wirziburgi
319 2457 353 2503 a.
381 2432 475 2505 1491
499 2433 607 2529 (Βο11.
630 2435 739 2505 Febr.
762 2433 797 2513 2.
818 2431 905 2504 362.
941 2428 1077 2502 Oefelii
1096 2426 1231 2519 Script.

65 2551 94 2636 1,
119 2552 213 2624 342.
238 2551 325 2624 344.
349 2552 449 2648 350).
496 2553 766 2626 Ratisbonense
792 2550 1054 2623 monasterium
1075 2544 1235 2642 primitie

61 2695 168 2755 rum,
199 2670 362 2743 Mariani
387 2674 508 2753 sedes,
537 2696 572 2745 a.
599 2671 694 2745 1552
721 2670 819 2744 bello
842 2673 1070 2743 destructum
1094 2663 1236 2737 interiit

64 2791 216 2884 (Rader.
238 2790 330 2861 Bav.
352 2799 479 2862 sancta
497 2792 532 2872 2,
556 2790 657 2886 222).

163 2908 462 3005 Distinguendus
484 2918 539 2982 est
567 2911 613 2980 ab
637 2909 771 2980 abbate
789 2905 1048 2981 Ratisbonensi
1066 2902 1236 2976 Mariano

63 3027 171 3100 Sooto
197 3037 319 3100 aetate
345 3029 509 3121 aequalis
532 3028 625 3100 alter
643 3029 834 3099 Marianus
859 3029 1008 3106 scotus,
1035 3012 1237 3095 monachus

63 3149 225 3240 primum
239 3147 425 3232 Coloniae,
448 3148 621 3241 deinceps
638 3146 802 3218 inclusus
816 3143 957 3216 Fuldae
972 3151 1009 3215 et
1022 3138 1237 3234 Magontiae

65 3269 163 3361 apud
189 3268 453 3339 monasterium
480 3267 518 3339 S.
548 3265 722 3342 Martini.
753 3265 819 3337 ubi
843 3264 940 3336 circa
953 3287 997 3357 a.
1025 3259 1119 3333 1083
1143 3256 1238 3328 obiit

65 3384 199 3478 (Perta.
223 3386 259 3467 7,
283 3387 383 3482 484),
411 3385 573 3480 perfecto
591 3409 700 3480 opere
718 3383 974 3479 chronologico
993 3389 1030 3452 et
1046 3376 1232 3458 historico,

64 3506 168 3601 cujus
195 3504 311 3576 codex
338 3505 502 3598 aequalis
526 3530 573 3577 ex
598 3513 702 3599 parte
719 3502 870 3575 fortasse
896 3505 944 3574 ab
966 3502 1046 3595 ipso
1064 3497 1232 3591 scriptus,

64 3624 225 3716 primum
243 3623 489 3695 bibliothecae
507 3625 670 3720 ejusdem
688 3622 917 3704 monasterii,
946 3621 1079 3692 deinde
1097 3615 1238 3689 Palatia

65 3764 146 3826 nae,
168 3766 271 3813 nunc
289 3743 511 3826 Vaticanae‚
544 3751 730 3815 vetustum
756 3741 982 3836 poematium
1008 3742 1054 3810 de
1079 3735 1239 3808 Benedi-

64 3861 185 3934 ctione
204 3861 409 3934 Hiberniae
428 3873 548 3934 servat
567 3862 615 3956 (p.
639 3863 725 3959 944)
751 3874 862 3953 atque
879 3860 951 3931 loci
968 3857 1098 3953 hymni
1115 3855 1239 3925 hiber«

64 3980 136 4050 nici
149 3981 192 4050 in
205 3980 243 4050 S.
261 3981 463 4052 Patricium
476 3982 700 4054 mentionem
712 3979 813 4052 facit.
824 3979 846 4022 ⁴*
872 3979 961 4050 Fuit
972 3978 1033 4048 hic
1045 3975 1238 4046 Hibernus

131 4229 145 4254 ⁰
163 4227 220 4281 Sed
228 4229 286 4300 jam
298 4231 369 4286 mala
381 4231 565 4286 intellectione
577 4230 723 4285 inusitatae
734 4231 836 4285 formae
850 4229 949 4300 (Parta.
963 4232 988 4290 7,
1004 4226 1063 4297 5211)
1075 4245 1082 4279 z
1097 4226 1181 4278 Sarcat
1192 4241 1238 4276 no·

63 4334 120 4368 m
139 4314 260 4369 Pansae
276 4317 303 4370 s'n
323 4318 489 4388 lephanau.
519 4319 667 4388 Codrum
685 4317 797 4370 diemde
815 4315 950 4385 resupnum
968 4313 1094 4366 docctlar
1108 4311 1173 4366 aab.
1195 4309 1237 4379 (C.

64 4419 125 4454 cum
137 4400 193 4454 ruit
210 4402 332 4457 serviens
350 4410 469 4474 quatuor
488 4403 563 4475 vicis)
584 4404 676 4458 odiat.
692 4401 831 4473 thymnia
858 4400 936 4453 tator
954 4398 989 4453 ilc
1000 4397 1137 4467 cothraa'pe
1148 4395 1184 4449 al.
1198 4413 1239 4448 oo-

63 4485 169 4557 11111191
180 4502 231 4557 pro
244 4487 389 4561 ilchctms‘a
404 4488 442 4559 (p.
456 4491 517 4554 943,
531 4496 590 4543 not.
607 4488 643 4559 1),
657 4488 713 4543 acsi
725 4488 823 4563 1111111111
833 4484 977 4554 Cothrcipc
988 4483 1127 4556 proprium
1139 4496 1239 4535 nomen
