2896 4980
494 310 520 371 Ι.
553 315 581 368 Ι.
628 326 769 368 vocatas
787 323 991 367 nrrrarrmcin
1006 320 1144 365 ancras.

599 648 771 718 CAPUT
807 644 1032 716 PRIMUM.

378 818 433 886 De
451 841 620 887 sonorum
639 815 819 889 seriebus.
843 822 973 883 natura
991 821 1029 882 et
1046 808 1257 881 infectione.

576 1018 609 1086 Ι.
665 1016 772 1084 Soni
814 1012 1057 1084 hibernici.

677 1213 716 1272 A.
763 1210 949 1272 Vocales.

321 1414 488 1475 l'ocalium
509 1412 689 1495 systemati,
714 1415 797 1494 quod
819 1414 1019 1474 observatum
1039 1422 1088 1473 est
1104 1410 1139 1472 in
1157 1409 1278 1493 linguis
1293 1407 1398 1490 stirpis

235 1518 475 1597 indeuropacae,
496 1538 562 1578 non
584 1528 740 1598 repugnat
757 1517 867 1578 celtica
885 1516 1005 1597 lingua.
1031 1514 1158 1578 Vocalis
1176 1516 1217 1590 A,
1240 1513 1396 1577 vocalium

234 1631 378 1682 centnrm
395 1632 427 1682 et
441 1620 649 1704 principium,
674 1621 866 1703 divergendo
881 1622 1004 1683 duobus
1019 1620 1131 1694 radiis,
1150 1630 1309 1681 extremas
1325 1638 1397 1679 con·

236 1737 284 1788 tra
300 1747 332 1785 se
347 1725 465 1807 positas
481 1726 575 1787 lnrbet
590 1726 712 1787 vocales
729 1747 768 1787 ex
784 1748 849 1787 rma
863 1738 952 1808 parte
968 1726 1002 1800 Ι,
1023 1746 1063 1786 ex
1078 1724 1176 1786 altera
1191 1724 1234 1798 U,
1253 1742 1336 1804 quae
1350 1741 1396 1782 re-

234 1829 376 1911 ligantur
389 1851 446 1911 per
461 1830 661 1893 intermedias
677 1830 711 1892 in
726 1829 929 1912 principium,
956 1828 970 1890 i
983 1828 1102 1891 seilicet
1115 1826 1276 1889 mediante
1292 1826 1332 1899 E,
1351 1835 1397 1885 at·

234 1956 295 2016 que
317 1957 338 1996 a
358 1933 518 1996 mediante
533 1936 573 1997 0.
608 1936 691 1997 Sunt
713 1956 821 1997 omnes
844 1935 902 1996 hac
921 1935 1043 1996 vocales
1058 1944 1114 1995 aut
1129 1930 1307 2013 simplices,
1332 1928 1398 1991 sire

232 2040 388 2114 breves,
407 2051 631 2121 correptae,
650 2051 706 2101 aut
724 2039 882 2121 (burliaco,
901 2039 966 2100 sive
981 2038 1140 2119 longae,
1164 2036 1394 2117 productae..

233 2145 370 2206 ‚iunctae
397 2154 554 2205 extremae
580 2145 704 2206 vocales
731 2155 787 2206 aut
815 2165 887 2204 cum
908 2142 1064 2226 principio
1085 2152 1141 2204 aut
1161 2141 1245 2202 inter
1266 2160 1300 2200 se
1322 2148 1398 2199 sunt

233 2249 436 2330 diphthongi,
460 2259 521 2309 tres
538 2269 611 2327 ergo
627 2250 686 2323 ΑΙ,
704 2250 765 2310 Ab
781 2258 811 2309 ct
830 2249 889 2322 ΙΙΙ,
908 2249 948 2309 ad
963 2269 1041 2328 quas
1056 2244 1177 2309 aceedit
1192 2265 1232 2305 ex
1247 2243 1396 2305 interme-

233 2352 293 2414 diis
312 2354 381 2413 OE.
416 2352 474 2413 Est
495 2352 607 2413 harum
629 2351 801 2425 vocalium,
827 2352 1009 2433 pmesertim
1024 2349 1227 2433 simplicium,
1255 2347 1304 2408 vis
1320 2346 1395 2408 alte·
1427 2387 1438 2397 -

233 2476 306 2517 rans
322 2455 405 2517 inter
420 2476 498 2529 sese,
520 2476 615 2535 quam
630 2466 662 2516 et
677 2455 727 2515 hic
743 2477 801 2518 nos
817 2457 956 2518 dicemus
973 2455 1185 2517 infectionem.

638 2708 806 2771 Vocales
836 2712 990 2772 breves.

318 2887 369 2984 Α
384 2932 543 3006 correptae
559 2922 703 3005 exempla
718 2921 752 2983 iu
767 2923 900 2985 vetustis
916 2921 1098 2984 nominibus
1110 2919 1232 3003 gallicis
1245 2930 1294 2982 sat
1306 2916 1393 2982 exhi·

233 3035 309 3095 bcnt
325 3033 393 3115 jam
414 3039 523 3117 poetae
545 3033 636 3096 latini
658 3033 813 3096 veterae*
843 3032 956 3114 virgil.
974 3033 1032 3095 ecl.
1055 3041 1089 3108 l,
1114 3039 1170 3094 63:
1196 3042 1253 3094 aut
1272 3029 1392 3094 Ararin

232 3205 437 3214 ———-—

301 3304 313 3328 ⁴
333 3306 357 3353 Α
370 3304 456 3371 po'etis
469 3306 585 3357 romanis
599 3321 694 3356 rocum
707 3302 862 3371 gallicarum
875 3303 979 3356 vocales
992 3321 1031 3366 ca,
1046 3319 1098 3372 qua
1110 3300 1289 3353 audiebantur
1302 3312 1393 3350 exora

232 3385 382 3454 peregrino,
394 3388 543 3453 quantitate
551 3386 668 3439 redditas
677 3403 742 3448 esse,
752 3403 806 3437 non
819 3386 939 3449 dubium,
949 3404 1010 3439 cum
1022 3394 1111 3457 pateat
1120 3403 1153 3437 ex
1165 3392 1278 3452 utraque
1287 3382 1392 3451 lingua,

231 3468 369 3520 hibernica
387 3476 414 3520 et
435 3471 592 3532 britannica,
607 3480 634 3522 ct
650 3469 739 3540 plures
757 3473 852 3538 poetae
871 3471 969 3524 fuerint
981 3470 1092 3540 gallicae
1105 3469 1216 3538 originis
1229 3467 1271 3519 rel
1283 3466 1393 3535 linguae

232 3551 343 3619 gallicae
361 3553 505 3605 habuerint
524 3554 720 3621 cognitionem,
741 3570 765 3604 e.
779 3571 820 3620 gr.
835 3554 977 3621 Virgilius,
996 3553 1131 3615 Catullus,
1147 3552 1301 3614 Ausonius,
1317 3549 1394 3603 Sido-

232 3635 302 3686 nius.
329 3636 404 3687 Haec
422 3637 516 3705 regula
536 3654 588 3688 non
603 3637 749 3689 destruitur
762 3653 813 3687 una
827 3637 868 3693 rel
881 3638 964 3690 altera
976 3638 1083 3690 licentia
1095 3636 1215 3707 poetica,
1238 3653 1299 3688 cum
1312 3652 1336 3687 e.
1351 3650 1393 3702 gr.

232 3718 387 3788 Propertius
400 3725 424 3783 Ι,
442 3726 482 3772 lt).
497 3726 525 3773 ΙΙ
543 3721 653 3791 corripit
664 3739 681 3771 a
693 3719 808 3772 nominis
821 3721 911 3789 gallici
923 3722 1110 3786 Virdomarus,
1125 3737 1204 3790 quam
1217 3725 1331 3786 utraque
1342 3717 1393 3769 lin-

232 3820 285 3870 gua
304 3802 421 3856 vindieat
440 3805 562 3873 longam,
583 3814 611 3857 et
629 3822 709 3873 quam
728 3803 808 3856 etiam
827 3804 894 3875 lapis
912 3814 1033 3859 vetustus
1051 3807 1129 3875 signo
1147 3801 1333 3875 productionis
1345 3818 1393 3853 no·

232 3894 271 3938 tat
286 3886 380 3956 (Orell.
395 3890 488 3959 3582),
504 3889 545 3941 rel
559 3907 618 3941 cum
637 3888 683 3940 alii
696 3890 790 3956 po‘etae
809 3898 921 3956 cogente
933 3898 1018 3942 metro
1031 3890 1183 3960 producunt
1194 3887 1288 3939 breves
1300 3903 1323 3948 e,
1337 3902 1352 3935 o
1364 3885 1392 3937 in

232 3971 385 4024 nominibus
398 3975 584 4037 Aremoricus,
599 3972 775 4034 Caledonius,
791 3972 984 4024 Mediolanum.
1010 3973 1183 4025 Recentiores
1200 3974 1295 4040 potitae
1307 3969 1394 4021 mino-

232 4055 268 4106 ris
281 4064 344 4108 sunt
356 4058 521 4110 auctoritatis
535 4058 560 4109 in
574 4058 624 4109 hac
636 4074 680 4121 re,
696 4074 719 4108 e.
734 4074 774 4125 gr.
789 4057 936 4109 venantius
951 4058 1129 4119 Fortunatus,
1150 4055 1196 4124 qui
1208 4055 1275 4107 adeo
1289 4053 1396 4105 diversa

233 4141 382 4207 quantitate
400 4142 500 4211 profert
517 4142 624 4194 easdem
650 4142 789 4193 nominum
808 4141 1019 4210 germanicorum
1037 4140 1157 4193 vocales:
1173 4144 1201 4202 «Ι,
1217 4142 1232 4191 3
1250 4136 1394 4205 Thuringi,

233 4224 362 4291 producta
375 4244 400 4287 a,
416 4231 446 4288 Ι,
462 4230 476 4277 2
490 4235 517 4278 et
529 4229 554 4289 S,
572 4230 581 4277 Ι
597 4225 758 4293 'llioringia,
773 4234 842 4276 terra
855 4224 986 4292 Toringa,
1001 4231 1122 4295 correpta
1138 4243 1167 4287 o,
1181 4229 1213 4275 ut
1225 4226 1255 4284 7,
1270 4226 1283 4273 Ι
1298 4228 1327 4272 et
1338 4223 1363 4282 9,
1382 4224 1391 4271 Ι

233 4322 330 4357 nomen
343 4308 445 4372 Dauus,
460 4311 541 4374 Dani,
555 4329 572 4361 α
584 4309 664 4361 modo
677 4309 806 4379 producta
819 4309 899 4360 modo
911 4316 1041 4378 correpta.
1061 4308 1165 4361 Eodem
1177 4306 1257 4358 modo
1270 4304 1299 4356 in
1313 4307 1338 4369 3,
1351 4306 1393 4355 1².

235 4393 263 4442 ΙΙ
279 4389 394 4442 Mucella
407 4410 423 4444 a
436 4393 573 4461 producta,
588 4394 616 4445 in
631 4397 671 4456 ΙΙΙ,
689 4397 718 4445 lb
732 4392 845 4445 Mosella
857 4411 872 4444 o
884 4399 1014 4462 correpta.
