<?xml version="1.0" encoding="UTF-8"?>
<!DOCTYPE html PUBLIC "-//W3C//DTD XHTML 1.0 Transitional//EN"
    "http://www.w3.org/TR/xhtml1/DTD/xhtml1-transitional.dtd">
<html xmlns="http://www.w3.org/1999/xhtml" xml:lang="en" lang="en">
 <head>
  <title>
</title>
<meta http-equiv="Content-Type" content="text/html;charset=utf-8" />
  <meta name='ocr-system' content='tesseract 3.04.00' />
  <meta name='ocr-capabilities' content='ocr_page ocr_carea ocr_par ocr_line ocrx_word'/>
</head>
<body>
  <div class='ocr_page' id='page_1' title='image "./grammaticacelti00zeusgoog_0187.png"; bbox 0 0 2896 4980; ppageno 0'>
   <div class='ocr_carea' id='block_1_1' title="bbox 144 321 1024 384">
    <p class='ocr_par' dir='ltr' id='par_1_1' title="bbox 144 321 1024 384">
     <span class='ocr_line' id='line_1_1' title="bbox 144 321 1024 384; baseline -0.003 -1"><span class='ocrx_word' id='word_1_1' title='bbox 144 323 204 383; x_wconf 89' lang='grc'>124</span> <span class='ocrx_word' id='word_1_2' title='bbox 419 321 449 384; x_wconf 91' lang='lat'>1.</span> <span class='ocrx_word' id='word_1_3' title='bbox 477 326 505 383; x_wconf 89' lang='lat' dir='ltr'>l.</span> <span class='ocrx_word' id='word_1_4' title='bbox 551 338 770 383; x_wconf 70' lang='lat' dir='ltr'>nrr’nrnosor</span> <span class='ocrx_word' id='word_1_5' title='bbox 786 337 1024 382; x_wconf 74' lang='lat' dir='ltr'>narrannrcnn.</span> 
     </span>
    </p>
   </div>
   <div class='ocr_carea' id='block_1_2' title="bbox 136 484 1320 3311">
    <p class='ocr_par' dir='ltr' id='par_1_2' title="bbox 141 484 1320 675">
     <span class='ocr_line' id='line_1_2' title="bbox 141 484 1320 573; baseline -0.003 -21"><span class='ocrx_word' id='word_1_6' title='bbox 141 511 239 567; x_wconf 65' lang='lat' dir='ltr'>eroes,</span> <span class='ocrx_word' id='word_1_7' title='bbox 256 511 327 571; x_wconf 82' lang='lat' dir='ltr'>pes,</span> <span class='ocrx_word' id='word_1_8' title='bbox 344 489 435 572; x_wconf 80' lang='lat' dir='ltr'>per&#39;s,</span> <span class='ocrx_word' id='word_1_9' title='bbox 457 492 594 572; x_wconf 66' lang='lat' dir='ltr'>precare)</span> <span class='ocrx_word' id='word_1_10' title='bbox 609 489 653 572; x_wconf 88' lang='lat' dir='ltr'>sq.</span> <span class='ocrx_word' id='word_1_11' title='bbox 678 488 811 573; x_wconf 70' lang='lat' dir='ltr'>dyplow</span> <span class='ocrx_word' id='word_1_12' title='bbox 833 489 971 569; x_wconf 86' lang='lat' dir='ltr'>(dexter)</span> <span class='ocrx_word' id='word_1_13' title='bbox 992 487 1037 568; x_wconf 81' lang='lat' dir='ltr'>sq.</span> <span class='ocrx_word' id='word_1_14' title='bbox 1062 484 1178 549; x_wconf 81' lang='lat' dir='ltr'>enkow</span> <span class='ocrx_word' id='word_1_15' title='bbox 1198 488 1320 567; x_wconf 63' lang='lat' dir='ltr'>(more</span> 
     </span>
     <span class='ocr_line' id='line_1_3' title="bbox 144 591 1183 675; baseline -0.003 -18"><span class='ocrx_word' id='word_1_16' title='bbox 144 602 216 671; x_wconf 99' lang='grc'><strong>174,</strong></span> <span class='ocrx_word' id='word_1_17' title='bbox 235 603 266 657; x_wconf 92' lang='grc'><strong>4.</strong></span> <span class='ocrx_word' id='word_1_18' title='bbox 287 601 359 670; x_wconf 91' lang='grc'><strong>234,</strong></span> <span class='ocrx_word' id='word_1_19' title='bbox 379 600 409 670; x_wconf 91' lang='grc'><strong>2,</strong></span> <span class='ocrx_word' id='word_1_20' title='bbox 427 606 459 657; x_wconf 89' lang='lat' dir='ltr'>et</span> <span class='ocrx_word' id='word_1_21' title='bbox 475 595 568 657; x_wconf 88' lang='lat' dir='ltr'>sicin</span> <span class='ocrx_word' id='word_1_22' title='bbox 585 594 806 656; x_wconf 83' lang='lat' dir='ltr'><strong>terminatione</strong></span> <span class='ocrx_word' id='word_1_23' title='bbox 821 593 945 655; x_wconf 85' lang='lat' dir='ltr'>numeri</span> <span class='ocrx_word' id='word_1_24' title='bbox 960 591 1093 675; x_wconf 88' lang='lat' dir='ltr'>pluralis</span> <span class='ocrx_word' id='word_1_25' title='bbox 1109 612 1183 654; x_wconf 83' lang='lat' dir='ltr'>-ow.</span> 
     </span>
    </p>

    <p class='ocr_par' dir='ltr' id='par_1_3' title="bbox 137 697 1320 1206">
     <span class='ocr_line' id='line_1_4' title="bbox 227 697 1320 780; baseline -0.002 -18"><span class='ocrx_word' id='word_1_26' title='bbox 227 702 394 763; x_wconf 83' lang='lat' dir='ltr'>Interdum</span> <span class='ocrx_word' id='word_1_27' title='bbox 409 700 501 762; x_wconf 87' lang='lat' dir='ltr'>obvia</span> <span class='ocrx_word' id='word_1_28' title='bbox 515 701 575 762; x_wconf 68' lang='grc' dir='ltr'>ΕΗ</span> <span class='ocrx_word' id='word_1_29' title='bbox 590 711 680 762; x_wconf 84' lang='lat' dir='ltr'>extra</span> <span class='ocrx_word' id='word_1_30' title='bbox 693 721 822 761; x_wconf 88' lang='lat' dir='ltr'>eausam</span> <span class='ocrx_word' id='word_1_31' title='bbox 833 697 1014 760; x_wconf 78' lang='lat' dir='ltr'>infectionis</span> <span class='ocrx_word' id='word_1_32' title='bbox 1026 698 1061 760; x_wconf 92' lang='lat' dir='ltr'>in</span> <span class='ocrx_word' id='word_1_33' title='bbox 1072 698 1195 760; x_wconf 86' lang='lat' dir='ltr'>Voeab.</span> <span class='ocrx_word' id='word_1_34' title='bbox 1207 720 1215 760; x_wconf 74' lang='grc' dir='ltr'><strong>ε</strong></span> <span class='ocrx_word' id='word_1_35' title='bbox 1227 720 1320 780; x_wconf 74' lang='lat' dir='ltr'>peu</span> 
     </span>
     <span class='ocr_line' id='line_1_5' title="bbox 137 802 1320 889; baseline -0.003 -21"><span class='ocrx_word' id='word_1_36' title='bbox 137 828 235 889; x_wconf 70' lang='lat' dir='ltr'>prece</span> <span class='ocrx_word' id='word_1_37' title='bbox 250 806 307 887; x_wconf 83' lang='lat' dir='ltr'>(gl.</span> <span class='ocrx_word' id='word_1_38' title='bbox 327 806 431 886; x_wconf 86' lang='lat' dir='ltr'>toral),</span> <span class='ocrx_word' id='word_1_39' title='bbox 450 805 548 868; x_wconf 72' lang='lat' dir='ltr'>heard</span> <span class='ocrx_word' id='word_1_40' title='bbox 561 805 647 885; x_wconf 85' lang='lat' dir='ltr'>(sol),</span> <span class='ocrx_word' id='word_1_41' title='bbox 656 805 800 888; x_wconf 77' lang='lat' dir='ltr'>focaneu</span> <span class='ocrx_word' id='word_1_42' title='bbox 815 805 873 886; x_wconf 84' lang='lat' dir='ltr'>(gl.</span> <span class='ocrx_word' id='word_1_43' title='bbox 893 803 1032 885; x_wconf 85' lang='lat' dir='ltr'>calcias),</span> <span class='ocrx_word' id='word_1_44' title='bbox 1048 802 1193 866; x_wconf 77' lang='lat' dir='ltr'>eskidr&#39;eu</span> <span class='ocrx_word' id='word_1_45' title='bbox 1209 806 1320 884; x_wconf 82' lang='lat' dir='ltr'>(sotu</span> 
     </span>
     <span class='ocr_line' id='line_1_6' title="bbox 140 909 1320 993; baseline 0.002 -20"><span class='ocrx_word' id='word_1_46' title='bbox 140 911 246 991; x_wconf 89' lang='lat' dir='ltr'>lares).</span> <span class='ocrx_word' id='word_1_47' title='bbox 279 912 320 972; x_wconf 92' lang='lat' dir='ltr'>In</span> <span class='ocrx_word' id='word_1_48' title='bbox 336 913 426 974; x_wconf 88' lang='lat' dir='ltr'>Pass.</span> <span class='ocrx_word' id='word_1_49' title='bbox 445 911 517 973; x_wconf 89' lang='lat' dir='ltr'>EW</span> <span class='ocrx_word' id='word_1_50' title='bbox 533 911 703 972; x_wconf 82' lang='lat' dir='ltr'>infectione</span> <span class='ocrx_word' id='word_1_51' title='bbox 725 921 794 972; x_wconf 85' lang='lat' dir='ltr'>orta</span> <span class='ocrx_word' id='word_1_52' title='bbox 809 920 856 971; x_wconf 87' lang='lat' dir='ltr'>est</span> <span class='ocrx_word' id='word_1_53' title='bbox 872 931 912 971; x_wconf 85' lang='lat' dir='ltr'>ex</span> <span class='ocrx_word' id='word_1_54' title='bbox 927 933 992 971; x_wconf 84' lang='lat' dir='ltr'>ow.-</span> <span class='ocrx_word' id='word_1_55' title='bbox 1015 911 1057 993; x_wconf 83' lang='lat' dir='ltr'>es</span> <span class='ocrx_word' id='word_1_56' title='bbox 1066 932 1087 971; x_wconf 84' lang='lat' dir='ltr'>a</span> <span class='ocrx_word' id='word_1_57' title='bbox 1101 909 1223 993; x_wconf 77' lang='lat' dir='ltr'>dewlys</span> <span class='ocrx_word' id='word_1_58' title='bbox 1238 918 1320 975; x_wconf 78' lang='lat' dir='ltr'>tow</span> 
     </span>
     <span class='ocr_line' id='line_1_7' title="bbox 141 1014 1320 1100; baseline 0 -21"><span class='ocrx_word' id='word_1_59' title='bbox 141 1015 323 1097; x_wconf 89' lang='lat' dir='ltr'>(consilium</span> <span class='ocrx_word' id='word_1_60' title='bbox 338 1015 447 1098; x_wconf 82' lang='lat' dir='ltr'>cepit),</span> <span class='ocrx_word' id='word_1_61' title='bbox 464 1039 485 1100; x_wconf 76' lang='lat' dir='ltr'><em>y</em></span> <span class='ocrx_word' id='word_1_62' title='bbox 501 1017 580 1080; x_wconf 84' lang='lat' dir='ltr'>dorrl</span> <span class='ocrx_word' id='word_1_63' title='bbox 592 1017 657 1099; x_wconf 84' lang='lat' dir='ltr'>eso</span> <span class='ocrx_word' id='word_1_64' title='bbox 674 1014 781 1099; x_wconf 75' lang='lat' dir='ltr'>tewlys</span> <span class='ocrx_word' id='word_1_65' title='bbox 798 1014 981 1095; x_wconf 89' lang='lat' dir='ltr'>(consilium</span> <span class='ocrx_word' id='word_1_66' title='bbox 993 1015 1062 1098; x_wconf 87' lang='lat' dir='ltr'>ejus</span> <span class='ocrx_word' id='word_1_67' title='bbox 1074 1025 1236 1077; x_wconf 82' lang='lat' dir='ltr'>statutum</span> <span class='ocrx_word' id='word_1_68' title='bbox 1245 1022 1320 1097; x_wconf 62' lang='lat' dir='ltr'>est,¹</span> 
     </span>
     <span class='ocr_line' id='line_1_8' title="bbox 143 1122 897 1206; baseline -0.005 -22"><span class='ocrx_word' id='word_1_69' title='bbox 143 1129 193 1198; x_wconf 96' lang='grc'>15,</span> <span class='ocrx_word' id='word_1_70' title='bbox 213 1128 243 1183; x_wconf 91' lang='grc'><strong>3.</strong></span> <span class='ocrx_word' id='word_1_71' title='bbox 263 1127 335 1197; x_wconf 88' lang='grc'><strong>214,</strong></span> <span class='ocrx_word' id='word_1_72' title='bbox 356 1129 385 1183; x_wconf 90' lang='grc'><strong>3.</strong></span> <span class='ocrx_word' id='word_1_73' title='bbox 404 1144 538 1206; x_wconf 83' lang='lat' dir='ltr'>crewsys</span> <span class='ocrx_word' id='word_1_74' title='bbox 554 1122 757 1202; x_wconf 83' lang='lat' dir='ltr'>(cruxifixus)</span> <span class='ocrx_word' id='word_1_75' title='bbox 776 1127 847 1195; x_wconf 84' lang='grc'><strong>189,</strong></span> <span class='ocrx_word' id='word_1_76' title='bbox 868 1126 897 1180; x_wconf 92' lang='grc'><strong>3.</strong></span> 
     </span>
    </p>

    <p class='ocr_par' dir='ltr' id='par_1_4' title="bbox 139 1224 1313 1729">
     <span class='ocr_line' id='line_1_9' title="bbox 224 1224 1313 1311; baseline 0 -22"><span class='ocrx_word' id='word_1_77' title='bbox 224 1228 367 1289; x_wconf 85' lang='lat' dir='ltr'>Insertae</span> <span class='ocrx_word' id='word_1_78' title='bbox 388 1228 504 1290; x_wconf 85' lang='lat' dir='ltr'>vocalis</span> <span class='ocrx_word' id='word_1_79' title='bbox 525 1239 596 1309; x_wconf 91' lang='lat' dir='ltr'>post</span> <span class='ocrx_word' id='word_1_80' title='bbox 617 1226 854 1311; x_wconf 85' lang='lat' dir='ltr'>diphthongum</span> <span class='ocrx_word' id='word_1_81' title='bbox 869 1225 1015 1308; x_wconf 83' lang='lat' dir='ltr'>exempla</span> <span class='ocrx_word' id='word_1_82' title='bbox 1029 1224 1172 1288; x_wconf 81' lang='lat' dir='ltr'>cornice:</span> <span class='ocrx_word' id='word_1_83' title='bbox 1196 1225 1313 1302; x_wconf 79' lang='lat' dir='ltr'>lowen,</span> 
     </span>
     <span class='ocr_line' id='line_1_10' title="bbox 140 1330 1310 1413; baseline -0.001 -18"><span class='ocrx_word' id='word_1_84' title='bbox 140 1333 258 1408; x_wconf 73' lang='lat' dir='ltr'>haene,</span> <span class='ocrx_word' id='word_1_85' title='bbox 278 1333 415 1394; x_wconf 78' lang='lat' dir='ltr'>lowerrelc</span> <span class='ocrx_word' id='word_1_86' title='bbox 438 1331 567 1413; x_wconf 84' lang='lat' dir='ltr'>(laetus)</span> <span class='ocrx_word' id='word_1_87' title='bbox 584 1335 674 1396; x_wconf 79' lang='lat' dir='ltr'>Pasa.</span> <span class='ocrx_word' id='word_1_88' title='bbox 696 1339 752 1408; x_wconf 93' lang='grc'>71,</span> <span class='ocrx_word' id='word_1_89' title='bbox 772 1338 803 1392; x_wconf 88' lang='grc'><strong>4.</strong></span> <span class='ocrx_word' id='word_1_90' title='bbox 825 1337 901 1406; x_wconf 91' lang='grc'><strong>115,</strong></span> <span class='ocrx_word' id='word_1_91' title='bbox 920 1337 951 1392; x_wconf 92' lang='grc'><strong>2.</strong></span> <span class='ocrx_word' id='word_1_92' title='bbox 971 1336 1044 1406; x_wconf 90' lang='grc'><strong>244,</strong></span> <span class='ocrx_word' id='word_1_93' title='bbox 1064 1337 1095 1392; x_wconf 89' lang='grc'>4.</span> <span class='ocrx_word' id='word_1_94' title='bbox 1114 1330 1310 1413; x_wconf 72' lang='lat' dir='ltr'>poweeoreql</span> 
     </span>
     <span class='ocr_line' id='line_1_11' title="bbox 140 1437 1304 1520; baseline 0 -22"><span class='ocrx_word' id='word_1_95' title='bbox 140 1437 336 1520; x_wconf 79' lang='lat' dir='ltr'>(quiescite),</span> <span class='ocrx_word' id='word_1_96' title='bbox 359 1459 538 1518; x_wconf 79' lang='lat' dir='ltr'>powcssena</span> <span class='ocrx_word' id='word_1_97' title='bbox 554 1437 784 1519; x_wconf 80' lang='lat' dir='ltr'>(quiescebant)</span> <span class='ocrx_word' id='word_1_98' title='bbox 800 1437 878 1499; x_wconf 84' lang='lat' dir='ltr'>ibid.</span> <span class='ocrx_word' id='word_1_99' title='bbox 898 1442 951 1511; x_wconf 88' lang='lat'>61,</span> <span class='ocrx_word' id='word_1_100' title='bbox 971 1440 1000 1497; x_wconf 89' lang='grc'><strong>2,</strong></span> <span class='ocrx_word' id='word_1_101' title='bbox 1020 1440 1094 1511; x_wconf 87' lang='grc'><strong>254,</strong></span> <span class='ocrx_word' id='word_1_102' title='bbox 1115 1443 1145 1497; x_wconf 94' lang='grc'>1.</span> <span class='ocrx_word' id='word_1_103' title='bbox 1178 1437 1304 1498; x_wconf 78' lang='lat' dir='ltr'>Adden-</span> 
     </span>
     <span class='ocr_line' id='line_1_12' title="bbox 139 1540 1298 1624; baseline -0.002 -21"><span class='ocrx_word' id='word_1_104' title='bbox 139 1544 216 1604; x_wconf 91' lang='lat' dir='ltr'>dum</span> <span class='ocrx_word' id='word_1_105' title='bbox 238 1541 301 1623; x_wconf 86' lang='lat' dir='ltr'>adj.</span> <span class='ocrx_word' id='word_1_106' title='bbox 329 1542 423 1604; x_wconf 85' lang='lat' dir='ltr'><em>lower</em></span> <span class='ocrx_word' id='word_1_107' title='bbox 444 1543 592 1623; x_wconf 85' lang='lat' dir='ltr'>(multus)</span> <span class='ocrx_word' id='word_1_108' title='bbox 617 1545 706 1605; x_wconf 84' lang='lat' dir='ltr'>Pass.</span> <span class='ocrx_word' id='word_1_109' title='bbox 726 1548 804 1618; x_wconf 82' lang='lat'>210,</span> <span class='ocrx_word' id='word_1_110' title='bbox 826 1550 860 1617; x_wconf 90' lang='lat'>1,</span> <span class='ocrx_word' id='word_1_111' title='bbox 885 1564 904 1603; x_wconf 90' lang='lat' dir='ltr'>a</span> <span class='ocrx_word' id='word_1_112' title='bbox 925 1562 988 1623; x_wconf 92' lang='lat' dir='ltr'>quo</span> <span class='ocrx_word' id='word_1_113' title='bbox 1008 1540 1114 1604; x_wconf 86' lang='lat' dir='ltr'>differt</span> <span class='ocrx_word' id='word_1_114' title='bbox 1135 1540 1298 1624; x_wconf 80' lang='lat' dir='ltr'>scriptione</span> 
     </span>
     <span class='ocr_line' id='line_1_13' title="bbox 140 1647 610 1729; baseline 0.004 -21"><span class='ocrx_word' id='word_1_115' title='bbox 140 1647 209 1708; x_wconf 81' lang='lat' dir='ltr'>laer</span> <span class='ocrx_word' id='word_1_116' title='bbox 225 1649 298 1724; x_wconf 84' lang='lat' dir='ltr'>(sat,</span> <span class='ocrx_word' id='word_1_117' title='bbox 318 1647 492 1729; x_wconf 85' lang='lat' dir='ltr'>sufficiens)</span> <span class='ocrx_word' id='word_1_118' title='bbox 509 1655 560 1724; x_wconf 88' lang='lat'>51,</span> <span class='ocrx_word' id='word_1_119' title='bbox 580 1656 610 1711; x_wconf 95' lang='grc'><strong>4.</strong></span> 
     </span>
    </p>

    <p class='ocr_par' dir='ltr' id='par_1_5' title="bbox 137 1751 1293 2673">
     <span class='ocr_line' id='line_1_14' title="bbox 224 1751 1290 1837; baseline 0 -23"><span class='ocrx_word' id='word_1_120' title='bbox 224 1752 456 1814; x_wconf 81' lang='lat' dir='ltr'>Armoricae</span> <span class='ocrx_word' id='word_1_121' title='bbox 482 1754 682 1818; x_wconf 77' lang='lat' dir='ltr'>variationes.</span> <span class='ocrx_word' id='word_1_122' title='bbox 721 1754 902 1837; x_wconf 62' lang='grc' dir='ltr'>Οτίςίηατία</span> <span class='ocrx_word' id='word_1_123' title='bbox 923 1753 1023 1816; x_wconf 87' lang='lat' dir='ltr'>forma</span> <span class='ocrx_word' id='word_1_124' title='bbox 1043 1753 1105 1815; x_wconf 79' lang='lat' dir='ltr'>aU</span> <span class='ocrx_word' id='word_1_125' title='bbox 1128 1753 1232 1815; x_wconf 87' lang='lat' dir='ltr'>elucet</span> <span class='ocrx_word' id='word_1_126' title='bbox 1250 1751 1290 1814; x_wconf 85' lang='lat' dir='ltr'>ad·</span> 
     </span>
     <span class='ocr_line' id='line_1_15' title="bbox 139 1856 1287 1939; baseline 0 -21"><span class='ocrx_word' id='word_1_127' title='bbox 139 1857 202 1919; x_wconf 92' lang='lat' dir='ltr'>huc</span> <span class='ocrx_word' id='word_1_128' title='bbox 225 1878 242 1919; x_wconf 92' lang='lat' dir='ltr'>e</span> <span class='ocrx_word' id='word_1_129' title='bbox 263 1857 391 1920; x_wconf 91' lang='lat' dir='ltr'>nomine</span> <span class='ocrx_word' id='word_1_130' title='bbox 410 1858 540 1921; x_wconf 77' lang='lat' dir='ltr'>Chauco</span> <span class='ocrx_word' id='word_1_131' title='bbox 561 1859 615 1939; x_wconf 87' lang='lat' dir='ltr'>(cf.</span> <span class='ocrx_word' id='word_1_132' title='bbox 634 1862 752 1923; x_wconf 89' lang='lat' dir='ltr'>cambr.</span> <span class='ocrx_word' id='word_1_133' title='bbox 775 1871 839 1922; x_wconf 90' lang='lat' dir='ltr'>vct.</span> <span class='ocrx_word' id='word_1_134' title='bbox 860 1861 1034 1922; x_wconf 79' lang='lat' dir='ltr'>Moremou</span> <span class='ocrx_word' id='word_1_135' title='bbox 1053 1857 1089 1919; x_wconf 93' lang='lat' dir='ltr'>in</span> <span class='ocrx_word' id='word_1_136' title='bbox 1110 1856 1167 1920; x_wconf 90' lang='lat' dir='ltr'>lib.</span> <span class='ocrx_word' id='word_1_137' title='bbox 1186 1856 1287 1931; x_wconf 85' lang='lat' dir='ltr'>Laud,</span> 
     </span>
     <span class='ocr_line' id='line_1_16' title="bbox 138 1963 1287 2048; baseline -0.003 -24"><span class='ocrx_word' id='word_1_138' title='bbox 138 1972 172 2024; x_wconf 86' lang='lat' dir='ltr'>et</span> <span class='ocrx_word' id='word_1_139' title='bbox 193 1964 293 2025; x_wconf 85' lang='lat' dir='ltr'>subst.</span> <span class='ocrx_word' id='word_1_140' title='bbox 312 1963 429 2040; x_wconf 75' lang='lat' dir='ltr'>keneu,</span> <span class='ocrx_word' id='word_1_141' title='bbox 453 1965 595 2041; x_wconf 68' lang='lat' dir='ltr'>catulla,</span> <span class='ocrx_word' id='word_1_142' title='bbox 614 1965 732 2027; x_wconf 89' lang='lat' dir='ltr'>animal</span> <span class='ocrx_word' id='word_1_143' title='bbox 751 1964 943 2048; x_wconf 86' lang='lat' dir='ltr'>juvencum,</span> <span class='ocrx_word' id='word_1_144' title='bbox 970 1964 1058 2026; x_wconf 90' lang='lat' dir='ltr'>Mab.</span> <span class='ocrx_word' id='word_1_145' title='bbox 1078 1967 1116 2038; x_wconf 92' lang='grc'>2,</span> <span class='ocrx_word' id='word_1_146' title='bbox 1136 1968 1210 2025; x_wconf 89' lang='grc'><strong>210.</strong></span> <span class='ocrx_word' id='word_1_147' title='bbox 1229 1967 1287 2023; x_wconf 81' lang='grc'><strong>221.</strong></span> 
     </span>
     <span class='ocr_line' id='line_1_17' title="bbox 140 2068 1290 2154; baseline 0.001 -25"><span class='ocrx_word' id='word_1_148' title='bbox 140 2073 213 2131; x_wconf 92' lang='grc'><strong>226.</strong></span> <span class='ocrx_word' id='word_1_149' title='bbox 233 2075 306 2131; x_wconf 92' lang='grc'><strong>235.</strong></span> <span class='ocrx_word' id='word_1_150' title='bbox 326 2071 401 2150; x_wconf 89' lang='grc'><strong>236)</strong></span> <span class='ocrx_word' id='word_1_151' title='bbox 423 2072 509 2152; x_wconf 88' lang='lat' dir='ltr'>apud</span> <span class='ocrx_word' id='word_1_152' title='bbox 531 2071 664 2154; x_wconf 83' lang='lat' dir='ltr'>Gregor.</span> <span class='ocrx_word' id='word_1_153' title='bbox 688 2073 809 2133; x_wconf 90' lang='lat' dir='ltr'>Turon.</span> <span class='ocrx_word' id='word_1_154' title='bbox 829 2077 864 2145; x_wconf 88' lang='grc'>4,</span> <span class='ocrx_word' id='word_1_155' title='bbox 884 2077 914 2131; x_wconf 90' lang='grc'>4.</span> <span class='ocrx_word' id='word_1_156' title='bbox 947 2070 988 2133; x_wconf 90' lang='lat' dir='ltr'>In</span> <span class='ocrx_word' id='word_1_157' title='bbox 1009 2068 1196 2132; x_wconf 90' lang='lat' dir='ltr'>nominibus</span> <span class='ocrx_word' id='word_1_158' title='bbox 1217 2068 1290 2130; x_wconf 83' lang='lat' dir='ltr'>char·</span> 
     </span>
     <span class='ocr_line' id='line_1_18' title="bbox 139 2173 1290 2257; baseline -0.003 -21"><span class='ocrx_word' id='word_1_159' title='bbox 139 2173 325 2239; x_wconf 88' lang='lat' dir='ltr'>tulariorum</span> <span class='ocrx_word' id='word_1_160' title='bbox 340 2197 397 2257; x_wconf 91' lang='lat' dir='ltr'>pro</span> <span class='ocrx_word' id='word_1_161' title='bbox 411 2197 454 2236; x_wconf 82' lang='lat' dir='ltr'>ae</span> <span class='ocrx_word' id='word_1_162' title='bbox 470 2186 517 2237; x_wconf 91' lang='lat' dir='ltr'>cst</span> <span class='ocrx_word' id='word_1_163' title='bbox 532 2176 611 2239; x_wconf 89' lang='lat' dir='ltr'>OU:</span> <span class='ocrx_word' id='word_1_164' title='bbox 635 2177 808 2237; x_wconf 81' lang='lat' dir='ltr'>Joumonoc</span> <span class='ocrx_word' id='word_1_165' title='bbox 823 2174 933 2238; x_wconf 88' lang='lat' dir='ltr'>Chart.</span> <span class='ocrx_word' id='word_1_166' title='bbox 952 2174 1058 2237; x_wconf 87' lang='lat' dir='ltr'>Rhed.</span> <span class='ocrx_word' id='word_1_167' title='bbox 1079 2180 1108 2250; x_wconf 92' lang='grc'>1,</span> <span class='ocrx_word' id='word_1_168' title='bbox 1130 2180 1181 2236; x_wconf 89' lang='grc'>16.</span> <span class='ocrx_word' id='word_1_169' title='bbox 1201 2179 1231 2249; x_wconf 88' lang='grc'>2,</span> <span class='ocrx_word' id='word_1_170' title='bbox 1249 2177 1290 2234; x_wconf 90' lang='grc'><strong>21.</strong></span> 
     </span>
     <span class='ocr_line' id='line_1_19' title="bbox 138 2278 1292 2356; baseline -0.001 -16"><span class='ocrx_word' id='word_1_171' title='bbox 138 2280 302 2342; x_wconf 79' lang='lat' dir='ltr'>Joawoe&#39;on</span> <span class='ocrx_word' id='word_1_172' title='bbox 324 2279 401 2343; x_wconf 89' lang='lat' dir='ltr'>ibid.</span> <span class='ocrx_word' id='word_1_173' title='bbox 419 2282 502 2343; x_wconf 87' lang='lat' dir='ltr'>Mor.</span> <span class='ocrx_word' id='word_1_174' title='bbox 523 2286 595 2342; x_wconf 88' lang='grc'><strong>265.</strong></span> <span class='ocrx_word' id='word_1_175' title='bbox 623 2280 764 2356; x_wconf 59' lang='lat' dir='ltr'>(lurion,</span> <span class='ocrx_word' id='word_1_176' title='bbox 782 2281 960 2355; x_wconf 80' lang='lat' dir='ltr'>Bluchr&#39;oe,</span> <span class='ocrx_word' id='word_1_177' title='bbox 978 2279 1131 2342; x_wconf 79' lang='lat' dir='ltr'>Drumbu</span> <span class='ocrx_word' id='word_1_178' title='bbox 1151 2278 1188 2341; x_wconf 93' lang='lat' dir='ltr'>in</span> <span class='ocrx_word' id='word_1_179' title='bbox 1203 2279 1292 2341; x_wconf 88' lang='lat' dir='ltr'>chart.</span> 
     </span>
     <span class='ocr_line' id='line_1_20' title="bbox 140 2383 1292 2468; baseline -0.003 -22"><span class='ocrx_word' id='word_1_180' title='bbox 140 2385 344 2467; x_wconf 78' lang='lat' dir='ltr'>Kemperleg.</span> <span class='ocrx_word' id='word_1_181' title='bbox 370 2387 452 2447; x_wconf 87' lang='lat' dir='ltr'>Mor.</span> <span class='ocrx_word' id='word_1_182' title='bbox 478 2392 551 2446; x_wconf 89' lang='grc'><strong>441.</strong></span> <span class='ocrx_word' id='word_1_183' title='bbox 577 2392 650 2447; x_wconf 90' lang='grc'><strong>464.</strong></span> <span class='ocrx_word' id='word_1_184' title='bbox 684 2387 838 2468; x_wconf 75' lang='lat' dir='ltr'>Garqnou</span> <span class='ocrx_word' id='word_1_185' title='bbox 863 2385 963 2447; x_wconf 87' lang='lat' dir='ltr'>chart.</span> <span class='ocrx_word' id='word_1_186' title='bbox 988 2383 1094 2446; x_wconf 87' lang='lat' dir='ltr'>Rhed.</span> <span class='ocrx_word' id='word_1_187' title='bbox 1125 2386 1210 2447; x_wconf 89' lang='lat' dir='ltr'>Mor.</span> <span class='ocrx_word' id='word_1_188' title='bbox 1229 2389 1292 2447; x_wconf 88' lang='grc'><strong>346.</strong></span> 
     </span>
     <span class='ocr_line' id='line_1_21' title="bbox 137 2490 1293 2565; baseline 0 -14"><span class='ocrx_word' id='word_1_189' title='bbox 137 2490 289 2551; x_wconf 81' lang='lat' dir='ltr'>Haelrroe</span> <span class='ocrx_word' id='word_1_190' title='bbox 308 2497 336 2564; x_wconf 95' lang='grc'>1,</span> <span class='ocrx_word' id='word_1_191' title='bbox 356 2498 385 2550; x_wconf 91' lang='grc'><strong>4.</strong></span> <span class='ocrx_word' id='word_1_192' title='bbox 404 2490 554 2565; x_wconf 72' lang='lat' dir='ltr'>Badhan,</span> <span class='ocrx_word' id='word_1_193' title='bbox 573 2490 722 2553; x_wconf 79' lang='lat' dir='ltr'>Arthnoe</span> <span class='ocrx_word' id='word_1_194' title='bbox 738 2490 814 2553; x_wconf 90' lang='lat' dir='ltr'>ibid.</span> <span class='ocrx_word' id='word_1_195' title='bbox 834 2491 916 2553; x_wconf 89' lang='lat' dir='ltr'>Mor.</span> <span class='ocrx_word' id='word_1_196' title='bbox 937 2495 1010 2551; x_wconf 85' lang='lat'>272.</span> <span class='ocrx_word' id='word_1_197' title='bbox 1030 2496 1104 2552; x_wconf 91' lang='grc'><strong>367.</strong></span> <span class='ocrx_word' id='word_1_198' title='bbox 1123 2490 1293 2563; x_wconf 75' lang='lat' dir='ltr'>Loudinoe,</span> 
     </span>
     <span class='ocr_line' id='line_1_22' title="bbox 137 2595 995 2673; baseline 0.001 -17"><span class='ocrx_word' id='word_1_199' title='bbox 137 2595 297 2656; x_wconf 82' lang='lat' dir='ltr'>Loutenoc</span> <span class='ocrx_word' id='word_1_200' title='bbox 315 2600 343 2668; x_wconf 90' lang='lat'>1,</span> <span class='ocrx_word' id='word_1_201' title='bbox 364 2600 415 2655; x_wconf 83' lang='lat'>39.</span> <span class='ocrx_word' id='word_1_202' title='bbox 434 2601 485 2654; x_wconf 93' lang='grc'>41.</span> <span class='ocrx_word' id='word_1_203' title='bbox 505 2601 557 2656; x_wconf 92' lang='grc'><strong>43.</strong></span> <span class='ocrx_word' id='word_1_204' title='bbox 574 2597 707 2657; x_wconf 78' lang='lat' dir='ltr'>Locren</span> <span class='ocrx_word' id='word_1_205' title='bbox 723 2596 799 2657; x_wconf 91' lang='lat' dir='ltr'>ibid.</span> <span class='ocrx_word' id='word_1_206' title='bbox 818 2598 901 2658; x_wconf 90' lang='lat' dir='ltr'>Mor.</span> <span class='ocrx_word' id='word_1_207' title='bbox 919 2601 995 2673; x_wconf 82' lang='grc'><strong>339.</strong></span> 
     </span>
    </p>

    <p class='ocr_par' dir='ltr' id='par_1_6' title="bbox 136 2698 1299 3198">
     <span class='ocr_line' id='line_1_23' title="bbox 223 2698 1298 2783; baseline 0.001 -23"><span class='ocrx_word' id='word_1_208' title='bbox 223 2699 295 2761; x_wconf 83' lang='lat' dir='ltr'>Ins</span> <span class='ocrx_word' id='word_1_209' title='bbox 297 2721 337 2760; x_wconf 90' lang='lat' dir='ltr'>cc</span> <span class='ocrx_word' id='word_1_210' title='bbox 348 2710 386 2760; x_wconf 88' lang='lat' dir='ltr'>ta</span> <span class='ocrx_word' id='word_1_211' title='bbox 407 2699 627 2782; x_wconf 74' lang='lat' dir='ltr'>diphthongus</span> <span class='ocrx_word' id='word_1_212' title='bbox 643 2712 674 2761; x_wconf 88' lang='lat' dir='ltr'>et</span> <span class='ocrx_word' id='word_1_213' title='bbox 689 2701 839 2764; x_wconf 82' lang='lat' dir='ltr'>armorico</span> <span class='ocrx_word' id='word_1_214' title='bbox 854 2713 903 2763; x_wconf 89' lang='lat' dir='ltr'>est</span> <span class='ocrx_word' id='word_1_215' title='bbox 918 2702 995 2775; x_wconf 86' lang='lat' dir='ltr'>EU,</span> <span class='ocrx_word' id='word_1_216' title='bbox 1013 2710 1050 2762; x_wconf 91' lang='lat' dir='ltr'>ut</span> <span class='ocrx_word' id='word_1_217' title='bbox 1064 2710 1155 2783; x_wconf 89' lang='lat' dir='ltr'>patet</span> <span class='ocrx_word' id='word_1_218' title='bbox 1169 2722 1188 2762; x_wconf 88' lang='lat' dir='ltr'>e</span> <span class='ocrx_word' id='word_1_219' title='bbox 1203 2698 1298 2762; x_wconf 90' lang='lat' dir='ltr'>nomi-</span> 
     </span>
     <span class='ocr_line' id='line_1_24' title="bbox 136 2802 1298 2888; baseline 0.002 -23"><span class='ocrx_word' id='word_1_220' title='bbox 136 2802 231 2867; x_wconf 92' lang='lat' dir='ltr'>nibus</span> <span class='ocrx_word' id='word_1_221' title='bbox 247 2804 429 2886; x_wconf 89' lang='lat' dir='ltr'>compositis</span> <span class='ocrx_word' id='word_1_222' title='bbox 444 2827 517 2866; x_wconf 92' lang='lat' dir='ltr'>curn</span> <span class='ocrx_word' id='word_1_223' title='bbox 528 2827 604 2867; x_wconf 92' lang='lat' dir='ltr'>voce</span> <span class='ocrx_word' id='word_1_224' title='bbox 619 2829 677 2867; x_wconf 83' lang='lat' dir='ltr'>err:</span> <span class='ocrx_word' id='word_1_225' title='bbox 693 2808 821 2882; x_wconf 74' lang='lat' dir='ltr'>Eudora,</span> <span class='ocrx_word' id='word_1_226' title='bbox 835 2809 965 2869; x_wconf 72' lang='lat' dir='ltr'>Euocant</span> <span class='ocrx_word' id='word_1_227' title='bbox 979 2816 1039 2868; x_wconf 89' lang='lat' dir='ltr'>etc.</span> <span class='ocrx_word' id='word_1_228' title='bbox 1059 2806 1113 2886; x_wconf 86' lang='lat' dir='ltr'>(cs.</span> <span class='ocrx_word' id='word_1_229' title='bbox 1131 2810 1200 2888; x_wconf 87' lang='grc'><strong>97).</strong></span> <span class='ocrx_word' id='word_1_230' title='bbox 1224 2806 1298 2868; x_wconf 86' lang='lat' dir='ltr'>Tam</span> 
     </span>
     <span class='ocr_line' id='line_1_25' title="bbox 136 2909 1299 2995; baseline 0.002 -24"><span class='ocrx_word' id='word_1_231' title='bbox 136 2931 202 2972; x_wconf 91' lang='lat' dir='ltr'>non</span> <span class='ocrx_word' id='word_1_232' title='bbox 217 2909 352 2972; x_wconf 86' lang='lat' dir='ltr'>infectae</span> <span class='ocrx_word' id='word_1_233' title='bbox 367 2922 474 2973; x_wconf 88' lang='lat' dir='ltr'>autern</span> <span class='ocrx_word' id='word_1_234' title='bbox 497 2934 593 2993; x_wconf 92' lang='lat' dir='ltr'>quam</span> <span class='ocrx_word' id='word_1_235' title='bbox 614 2911 749 2974; x_wconf 87' lang='lat' dir='ltr'>infectae</span> <span class='ocrx_word' id='word_1_236' title='bbox 770 2913 889 2974; x_wconf 81' lang='lat' dir='ltr'>vocalis</span> <span class='ocrx_word' id='word_1_237' title='bbox 911 2912 1065 2995; x_wconf 84' lang='lat' dir='ltr'>posterior</span> <span class='ocrx_word' id='word_1_238' title='bbox 1079 2914 1118 2974; x_wconf 81' lang='lat' dir='ltr'>fit</span> <span class='ocrx_word' id='word_1_239' title='bbox 1133 2934 1160 2973; x_wconf 86' lang='lat' dir='ltr'><strong><em>w</em></strong></span> <span class='ocrx_word' id='word_1_240' title='bbox 1175 2921 1299 2995; x_wconf 85' lang='lat' dir='ltr'>propter</span> 
     </span>
     <span class='ocr_line' id='line_1_26' title="bbox 138 3017 1296 3101; baseline 0.001 -25"><span class='ocrx_word' id='word_1_241' title='bbox 138 3028 322 3098; x_wconf 84' lang='lat' dir='ltr'>sequentem</span> <span class='ocrx_word' id='word_1_242' title='bbox 337 3018 493 3080; x_wconf 87' lang='lat' dir='ltr'>vocalem:</span> <span class='ocrx_word' id='word_1_243' title='bbox 512 3017 606 3080; x_wconf 78' lang='lat' dir='ltr'>Loroi</span> <span class='ocrx_word' id='word_1_244' title='bbox 620 3018 751 3098; x_wconf 90' lang='lat' dir='ltr'>(cambr.</span> <span class='ocrx_word' id='word_1_245' title='bbox 769 3017 871 3092; x_wconf 75' lang='lat' dir='ltr'>Letoi,</span> <span class='ocrx_word' id='word_1_246' title='bbox 889 3017 1007 3101; x_wconf 69' lang='lat' dir='ltr'>Lepet)</span> <span class='ocrx_word' id='word_1_247' title='bbox 1023 3017 1124 3080; x_wconf 89' lang='lat' dir='ltr'>chart.</span> <span class='ocrx_word' id='word_1_248' title='bbox 1143 3018 1251 3079; x_wconf 91' lang='lat' dir='ltr'>Rhed.</span> <span class='ocrx_word' id='word_1_249' title='bbox 1268 3021 1296 3091; x_wconf 91' lang='grc'><strong>2,</strong></span> 
     </span>
     <span class='ocr_line' id='line_1_27' title="bbox 141 3123 572 3198; baseline 0.012 -18"><span class='ocrx_word' id='word_1_250' title='bbox 141 3127 190 3184; x_wconf 87' lang='grc'>15.</span> <span class='ocrx_word' id='word_1_251' title='bbox 208 3124 308 3185; x_wconf 80' lang='lat' dir='ltr'>Ewen</span> <span class='ocrx_word' id='word_1_252' title='bbox 323 3123 400 3186; x_wconf 93' lang='lat' dir='ltr'>ibid.</span> <span class='ocrx_word' id='word_1_253' title='bbox 423 3130 450 3198; x_wconf 91' lang='lat'>1,</span> <span class='ocrx_word' id='word_1_254' title='bbox 471 3131 500 3185; x_wconf 92' lang='grc'>5.</span> <span class='ocrx_word' id='word_1_255' title='bbox 522 3127 572 3185; x_wconf 91' lang='grc'>32.</span> 
     </span>
    </p>

    <p class='ocr_par' dir='ltr' id='par_1_7' title="bbox 222 3227 1299 3311">
     <span class='ocr_line' id='line_1_28' title="bbox 222 3227 1299 3311; baseline 0.001 -23"><span class='ocrx_word' id='word_1_256' title='bbox 222 3227 358 3290; x_wconf 83' lang='lat' dir='ltr'>Insertio</span> <span class='ocrx_word' id='word_1_257' title='bbox 380 3229 497 3291; x_wconf 88' lang='lat' dir='ltr'>vocalis</span> <span class='ocrx_word' id='word_1_258' title='bbox 519 3241 593 3291; x_wconf 85' lang='lat' dir='ltr'>ante</span> <span class='ocrx_word' id='word_1_259' title='bbox 614 3228 768 3311; x_wconf 86' lang='lat' dir='ltr'>liquidam</span> <span class='ocrx_word' id='word_1_260' title='bbox 790 3229 956 3291; x_wconf 86' lang='lat' dir='ltr'>finientem</span> <span class='ocrx_word' id='word_1_261' title='bbox 977 3240 1073 3311; x_wconf 85' lang='lat' dir='ltr'>atque</span> <span class='ocrx_word' id='word_1_262' title='bbox 1093 3228 1212 3291; x_wconf 87' lang='lat' dir='ltr'>solutio</span> <span class='ocrx_word' id='word_1_263' title='bbox 1226 3229 1299 3290; x_wconf 84' lang='lat' dir='ltr'>item</span> 
     </span>
    </p>
   </div>
   <div class='ocr_carea' id='block_1_3' title="bbox 8 3330 1295 3414">
    <p class='ocr_par' dir='ltr' id='par_1_8' title="bbox 8 3330 1295 3414">
     <span class='ocr_line' id='line_1_29' title="bbox 8 3330 1295 3414; baseline 0.002 -23"><span class='ocrx_word' id='word_1_264' title='bbox 8 3340 12 3345; x_wconf 88' lang='grc'><strong>“</strong></span> <span class='ocrx_word' id='word_1_265' title='bbox 137 3330 329 3413; x_wconf 86' lang='lat' dir='ltr'>diphthongi</span> <span class='ocrx_word' id='word_1_266' title='bbox 344 3334 384 3393; x_wconf 98' lang='lat' dir='ltr'>ob</span> <span class='ocrx_word' id='word_1_267' title='bbox 399 3344 582 3414; x_wconf 88' lang='lat' dir='ltr'>sequentem</span> <span class='ocrx_word' id='word_1_268' title='bbox 595 3335 735 3396; x_wconf 85' lang='lat' dir='ltr'>vocalem</span> <span class='ocrx_word' id='word_1_269' title='bbox 750 3333 872 3395; x_wconf 86' lang='lat' dir='ltr'>obtinet</span> <span class='ocrx_word' id='word_1_270' title='bbox 887 3334 920 3395; x_wconf 91' lang='lat' dir='ltr'>in</span> <span class='ocrx_word' id='word_1_271' title='bbox 937 3356 1012 3397; x_wconf 87' lang='lat' dir='ltr'>voce</span> <span class='ocrx_word' id='word_1_272' title='bbox 1028 3335 1125 3397; x_wconf 75' lang='lat' dir='ltr'>lowen</span> <span class='ocrx_word' id='word_1_273' title='bbox 1142 3337 1200 3413; x_wconf 87' lang='lat'>(=</span> <span class='ocrx_word' id='word_1_274' title='bbox 1215 3334 1295 3406; x_wconf 76' lang='lat' dir='ltr'>loun,</span> 
     </span>
    </p>
   </div>
   <div class='ocr_carea' id='block_1_4' title="bbox 135 3435 1298 4471">
    <p class='ocr_par' dir='ltr' id='par_1_9' title="bbox 136 3435 1298 4238">
     <span class='ocr_line' id='line_1_30' title="bbox 137 3435 1295 3518; baseline 0 -22"><span class='ocrx_word' id='word_1_275' title='bbox 137 3435 228 3515; x_wconf 80' lang='lat' dir='ltr'>laren)</span> <span class='ocrx_word' id='word_1_276' title='bbox 248 3436 282 3496; x_wconf 92' lang='lat' dir='ltr'>in</span> <span class='ocrx_word' id='word_1_277' title='bbox 305 3436 486 3518; x_wconf 88' lang='lat' dir='ltr'>compositis</span> <span class='ocrx_word' id='word_1_278' title='bbox 507 3438 557 3498; x_wconf 89' lang='lat' dir='ltr'>vel</span> <span class='ocrx_word' id='word_1_279' title='bbox 580 3438 728 3500; x_wconf 88' lang='lat' dir='ltr'>derivatis</span> <span class='ocrx_word' id='word_1_280' title='bbox 750 3439 933 3501; x_wconf 87' lang='lat' dir='ltr'>nominibus</span> <span class='ocrx_word' id='word_1_281' title='bbox 955 3439 1150 3502; x_wconf 85' lang='lat' dir='ltr'>Chartularii</span> <span class='ocrx_word' id='word_1_282' title='bbox 1172 3438 1295 3500; x_wconf 87' lang='lat' dir='ltr'>Rhed.:</span> 
     </span>
     <span class='ocr_line' id='line_1_31' title="bbox 136 3540 1297 3620; baseline 0.004 -21"><span class='ocrx_word' id='word_1_283' title='bbox 136 3540 296 3600; x_wconf 82' lang='lat' dir='ltr'>Lowenan</span> <span class='ocrx_word' id='word_1_284' title='bbox 319 3542 401 3602; x_wconf 87' lang='lat' dir='ltr'>Mor.</span> <span class='ocrx_word' id='word_1_285' title='bbox 422 3548 493 3603; x_wconf 87' lang='grc'><strong>364.</strong></span> <span class='ocrx_word' id='word_1_286' title='bbox 516 3542 668 3605; x_wconf 82' lang='lat' dir='ltr'>Lorer&#39;m&#39;d</span> <span class='ocrx_word' id='word_1_287' title='bbox 685 3551 718 3618; x_wconf 91' lang='grc'>1,</span> <span class='ocrx_word' id='word_1_288' title='bbox 739 3551 789 3605; x_wconf 93' lang='grc'>42.</span> <span class='ocrx_word' id='word_1_289' title='bbox 814 3546 989 3606; x_wconf 83' lang='lat' dir='ltr'>Lowencar</span> <span class='ocrx_word' id='word_1_290' title='bbox 1007 3552 1042 3620; x_wconf 89' lang='lat'>1,</span> <span class='ocrx_word' id='word_1_291' title='bbox 1063 3551 1092 3606; x_wconf 91' lang='grc'>8.</span> <span class='ocrx_word' id='word_1_292' title='bbox 1123 3543 1297 3605; x_wconf 79' lang='lat' dir='ltr'>Wr&#39;nloreen</span> 
     </span>
     <span class='ocr_line' id='line_1_32' title="bbox 139 3645 1294 3724; baseline 0.003 -21"><span class='ocrx_word' id='word_1_293' title='bbox 139 3650 168 3719; x_wconf 86' lang='lat'>1,</span> <span class='ocrx_word' id='word_1_294' title='bbox 190 3649 240 3703; x_wconf 89' lang='lat'>16.</span> <span class='ocrx_word' id='word_1_295' title='bbox 263 3645 431 3707; x_wconf 82' lang='lat' dir='ltr'>Judlowen</span> <span class='ocrx_word' id='word_1_296' title='bbox 449 3651 485 3722; x_wconf 91' lang='grc'><strong>2,</strong></span> <span class='ocrx_word' id='word_1_297' title='bbox 507 3653 556 3709; x_wconf 89' lang='grc'>16.</span> <span class='ocrx_word' id='word_1_298' title='bbox 579 3648 749 3711; x_wconf 77' lang='lat' dir='ltr'>Dreloreen</span> <span class='ocrx_word' id='word_1_299' title='bbox 767 3654 796 3724; x_wconf 92' lang='grc'><strong>2,</strong></span> <span class='ocrx_word' id='word_1_300' title='bbox 816 3656 867 3710; x_wconf 91' lang='grc'>21.</span> <span class='ocrx_word' id='word_1_301' title='bbox 888 3655 939 3710; x_wconf 88' lang='grc'>23.</span> <span class='ocrx_word' id='word_1_302' title='bbox 968 3649 1150 3711; x_wconf 75' lang='lat' dir='ltr'>Trallewen</span> <span class='ocrx_word' id='word_1_303' title='bbox 1170 3657 1199 3724; x_wconf 86' lang='lat'>1,</span> <span class='ocrx_word' id='word_1_304' title='bbox 1219 3656 1248 3710; x_wconf 85' lang='lat'>5.</span> <span class='ocrx_word' id='word_1_305' title='bbox 1267 3654 1294 3707; x_wconf 90' lang='grc'>6.</span> 
     </span>
     <span class='ocr_line' id='line_1_33' title="bbox 140 3748 1298 3837; baseline 0.003 -26"><span class='ocrx_word' id='word_1_306' title='bbox 140 3748 350 3826; x_wconf 68' lang='lat' dir='ltr'>Callonem,</span> <span class='ocrx_word' id='word_1_307' title='bbox 377 3756 427 3814; x_wconf 91' lang='grc'><strong>26.</strong></span> <span class='ocrx_word' id='word_1_308' title='bbox 448 3757 498 3814; x_wconf 94' lang='grc'>23.</span> <span class='ocrx_word' id='word_1_309' title='bbox 526 3758 564 3828; x_wconf 91' lang='grc'><strong>2,</strong></span> <span class='ocrx_word' id='word_1_310' title='bbox 585 3758 635 3815; x_wconf 94' lang='grc'><strong>27.</strong></span> <span class='ocrx_word' id='word_1_311' title='bbox 663 3755 891 3837; x_wconf 69' lang='lat' dir='ltr'>Arpantlowen</span> <span class='ocrx_word' id='word_1_312' title='bbox 910 3761 943 3829; x_wconf 94' lang='grc'>1,</span> <span class='ocrx_word' id='word_1_313' title='bbox 964 3761 1015 3815; x_wconf 93' lang='grc'><strong>37.</strong></span> <span class='ocrx_word' id='word_1_314' title='bbox 1048 3755 1107 3816; x_wconf 86' lang='lat' dir='ltr'>Est</span> <span class='ocrx_word' id='word_1_315' title='bbox 1133 3755 1220 3817; x_wconf 91' lang='lat' dir='ltr'>enim</span> <span class='ocrx_word' id='word_1_316' title='bbox 1245 3773 1298 3837; x_wconf 86' lang='lat' dir='ltr'>pro</span> 
     </span>
     <span class='ocr_line' id='line_1_34' title="bbox 137 3855 1297 3943; baseline 0.003 -28"><span class='ocrx_word' id='word_1_317' title='bbox 137 3855 245 3916; x_wconf 87' lang='lat' dir='ltr'>eadem</span> <span class='ocrx_word' id='word_1_318' title='bbox 266 3877 358 3931; x_wconf 88' lang='lat' dir='ltr'>voce,</span> <span class='ocrx_word' id='word_1_319' title='bbox 383 3868 419 3919; x_wconf 88' lang='lat' dir='ltr'>ut</span> <span class='ocrx_word' id='word_1_320' title='bbox 446 3861 562 3922; x_wconf 90' lang='lat' dir='ltr'>eambr.</span> <span class='ocrx_word' id='word_1_321' title='bbox 584 3860 715 3943; x_wconf 68' lang='lat' dir='ltr'>precellere</span> <span class='ocrx_word' id='word_1_322' title='bbox 737 3882 794 3942; x_wconf 93' lang='lat' dir='ltr'>pro</span> <span class='ocrx_word' id='word_1_323' title='bbox 816 3870 933 3921; x_wconf 86' lang='lat' dir='ltr'>vetust.</span> <span class='ocrx_word' id='word_1_324' title='bbox 957 3859 1102 3935; x_wconf 77' lang='lat' dir='ltr'>selleca,</span> <span class='ocrx_word' id='word_1_325' title='bbox 1121 3870 1154 3922; x_wconf 89' lang='lat' dir='ltr'>et</span> <span class='ocrx_word' id='word_1_326' title='bbox 1172 3857 1297 3941; x_wconf 87' lang='lat' dir='ltr'>scriptio</span> 
     </span>
     <span class='ocr_line' id='line_1_35' title="bbox 137 3960 1297 4047; baseline 0.004 -26"><span class='ocrx_word' id='word_1_327' title='bbox 137 3960 206 4023; x_wconf 80' lang='lat' dir='ltr'>len:</span> <span class='ocrx_word' id='word_1_328' title='bbox 233 3963 344 4024; x_wconf 78' lang='lat' dir='ltr'>Callon</span> <span class='ocrx_word' id='word_1_329' title='bbox 367 3965 424 4043; x_wconf 86' lang='lat'>(=</span> <span class='ocrx_word' id='word_1_330' title='bbox 443 3966 618 4040; x_wconf 81' lang='lat' dir='ltr'>Oatlowen,</span> <span class='ocrx_word' id='word_1_331' title='bbox 637 3986 746 4047; x_wconf 84' lang='lat' dir='ltr'>pugna</span> <span class='ocrx_word' id='word_1_332' title='bbox 764 3966 921 4046; x_wconf 85' lang='lat' dir='ltr'>gaudens)</span> <span class='ocrx_word' id='word_1_333' title='bbox 940 3971 974 4039; x_wconf 84' lang='lat' dir='ltr'>t,</span> <span class='ocrx_word' id='word_1_334' title='bbox 995 3971 1023 4025; x_wconf 95' lang='grc'>1.</span> <span class='ocrx_word' id='word_1_335' title='bbox 1046 3970 1095 4026; x_wconf 91' lang='grc'>13.</span> <span class='ocrx_word' id='word_1_336' title='bbox 1118 3964 1297 4047; x_wconf 73' lang='lat' dir='ltr'>Arqontlea</span> 
     </span>
     <span class='ocr_line' id='line_1_36' title="bbox 137 4068 1293 4152; baseline 0 -24"><span class='ocrx_word' id='word_1_337' title='bbox 137 4068 193 4144; x_wconf 89' lang='lat'>(=</span> <span class='ocrx_word' id='word_1_338' title='bbox 206 4068 446 4150; x_wconf 61' lang='lat' dir='ltr'>Menedemo,</span> <span class='ocrx_word' id='word_1_339' title='bbox 461 4082 591 4151; x_wconf 86' lang='lat' dir='ltr'>argento</span> <span class='ocrx_word' id='word_1_340' title='bbox 606 4073 762 4152; x_wconf 83' lang='lat' dir='ltr'>gaudens)</span> <span class='ocrx_word' id='word_1_341' title='bbox 778 4077 806 4146; x_wconf 91' lang='lat'>1,</span> <span class='ocrx_word' id='word_1_342' title='bbox 819 4078 870 4132; x_wconf 88' lang='lat'>36.</span> <span class='ocrx_word' id='word_1_343' title='bbox 888 4070 1023 4133; x_wconf 76' lang='lat' dir='ltr'>Aithlon</span> <span class='ocrx_word' id='word_1_344' title='bbox 1038 4076 1066 4144; x_wconf 88' lang='lat' dir='ltr'>l,</span> <span class='ocrx_word' id='word_1_345' title='bbox 1079 4075 1109 4131; x_wconf 84' lang='lat'>2.</span> <span class='ocrx_word' id='word_1_346' title='bbox 1134 4071 1254 4134; x_wconf 81' lang='lat' dir='ltr'>Urblon</span> <span class='ocrx_word' id='word_1_347' title='bbox 1269 4076 1293 4144; x_wconf 91' lang='grc'>1,</span> 
     </span>
     <span class='ocr_line' id='line_1_37' title="bbox 137 4173 905 4238; baseline 0.008 -8"><span class='ocrx_word' id='word_1_348' title='bbox 137 4176 187 4234; x_wconf 93' lang='grc'>21.</span> <span class='ocrx_word' id='word_1_349' title='bbox 212 4173 356 4235; x_wconf 79' lang='lat' dir='ltr'>Grodlon</span> <span class='ocrx_word' id='word_1_350' title='bbox 372 4176 455 4237; x_wconf 89' lang='lat' dir='ltr'>Mor.</span> <span class='ocrx_word' id='word_1_351' title='bbox 475 4180 547 4236; x_wconf 82' lang='lat'>265.</span> <span class='ocrx_word' id='word_1_352' title='bbox 565 4177 713 4238; x_wconf 72' lang='lat' dir='ltr'>Prosrlon</span> <span class='ocrx_word' id='word_1_353' title='bbox 730 4178 812 4238; x_wconf 91' lang='lat' dir='ltr'>Mor.</span> <span class='ocrx_word' id='word_1_354' title='bbox 833 4181 905 4237; x_wconf 88' lang='grc'><strong>329.</strong></span> 
     </span>
    </p>

    <p class='ocr_par' dir='ltr' id='par_1_10' title="bbox 135 4277 1296 4471">
     <span class='ocr_line' id='line_1_38' title="bbox 223 4277 1296 4364; baseline 0.001 -26"><span class='ocrx_word' id='word_1_355' title='bbox 223 4277 263 4339; x_wconf 93' lang='lat' dir='ltr'>In</span> <span class='ocrx_word' id='word_1_356' title='bbox 282 4280 453 4342; x_wconf 87' lang='lat' dir='ltr'>recentiore</span> <span class='ocrx_word' id='word_1_357' title='bbox 475 4281 603 4364; x_wconf 80' lang='lat' dir='ltr'>lingua,</span> <span class='ocrx_word' id='word_1_358' title='bbox 628 4281 750 4364; x_wconf 87' lang='lat' dir='ltr'>jamin</span> <span class='ocrx_word' id='word_1_359' title='bbox 772 4282 848 4343; x_wconf 86' lang='lat' dir='ltr'>Vita</span> <span class='ocrx_word' id='word_1_360' title='bbox 871 4282 1006 4343; x_wconf 84' lang='lat' dir='ltr'>Sanctae</span> <span class='ocrx_word' id='word_1_361' title='bbox 1029 4281 1185 4356; x_wconf 88' lang='lat' dir='ltr'>Nonnae,</span> <span class='ocrx_word' id='word_1_362' title='bbox 1209 4277 1296 4343; x_wconf 87' lang='lat' dir='ltr'>rediit</span> 
     </span>
     <span class='ocr_line' id='line_1_39' title="bbox 135 4383 1293 4471; baseline -0.003 -21"><span class='ocrx_word' id='word_1_363' title='bbox 135 4387 210 4461; x_wconf 84' lang='lat' dir='ltr'>AU,</span> <span class='ocrx_word' id='word_1_364' title='bbox 226 4384 260 4444; x_wconf 90' lang='lat' dir='ltr'>in</span> <span class='ocrx_word' id='word_1_365' title='bbox 271 4383 327 4446; x_wconf 92' lang='lat' dir='ltr'>illo</span> <span class='ocrx_word' id='word_1_366' title='bbox 338 4385 418 4448; x_wconf 91' lang='lat' dir='ltr'>libro</span> <span class='ocrx_word' id='word_1_367' title='bbox 430 4408 553 4468; x_wconf 90' lang='lat' dir='ltr'>semper</span> <span class='ocrx_word' id='word_1_368' title='bbox 564 4387 679 4471; x_wconf 85' lang='lat' dir='ltr'>scripta</span> <span class='ocrx_word' id='word_1_369' title='bbox 690 4387 797 4450; x_wconf 80' lang='lat' dir='ltr'>AOU:</span> <span class='ocrx_word' id='word_1_370' title='bbox 813 4389 896 4448; x_wconf 80' lang='lat' dir='ltr'>deon</span> <span class='ocrx_word' id='word_1_371' title='bbox 908 4389 998 4467; x_wconf 92' lang='lat' dir='ltr'>(duo)</span> <span class='ocrx_word' id='word_1_372' title='bbox 1011 4385 1054 4467; x_wconf 88' lang='lat' dir='ltr'>fq.</span> <span class='ocrx_word' id='word_1_373' title='bbox 1062 4389 1064 4392; x_wconf 78' lang='grc'><strong>’</strong></span> <span class='ocrx_word' id='word_1_374' title='bbox 1070 4408 1155 4469; x_wconf 72' lang='lat' dir='ltr'>qaeu</span> <span class='ocrx_word' id='word_1_375' title='bbox 1167 4385 1293 4466; x_wconf 85' lang='lat' dir='ltr'>(falsus;</span> 
     </span>
    </p>
   </div>
   <div class='ocr_carea' id='block_1_5' title="bbox 0 0 1452 4980">
    <p class='ocr_par' dir='ltr' id='par_1_11' title="bbox 0 0 1452 4980">
     <span class='ocr_line' id='line_1_40' title="bbox 0 0 1452 4980; baseline 0 2"><span class='ocrx_word' id='word_1_376' title='bbox 0 0 1452 4980; x_wconf 95' lang='lat' dir='ltr'> </span> 
     </span>
    </p>
   </div>
  </div>
 </body>
</html>
