2896 4980
158 326 199 387 36
418 320 448 384 I.
475 327 505 383 1.
550 340 842 386 aa1s1ovocsa1au
859 342 1058 388 rrraannrca.

157 506 194 558 ut
208 492 251 555 sit
265 489 441 554 differentia
454 491 494 553 ab
509 488 621 553 iisdem
636 490 778 574 personis
792 491 880 554 verbi
901 492 1019 575 passivi
1035 493 1256 576 rejicientibus
1270 522 1318 563 ro

157 600 239 662 cales
247 646 257 675 ,
280 618 402 681 sempor
423 596 562 659 retinent
576 595 691 658 formas
707 631 720 643 ·
732 595 849 680 spidir,
864 596 1018 680 -ipedor,
1032 634 1046 646 ·
1057 598 1166 682 r’pr‘ts'r,
1182 636 1195 649 ·
1207 600 1317 685 {petar

156 716 193 767 ut
215 703 277 766 alia
297 703 391 764 verba
405 701 546 783 ejusdem
561 699 652 761 seriei
667 736 680 747 ·
692 700 797 776 athar,
812 738 824 748 -
837 710 910 764 ator
923 714 1006 765 etc:
1031 705 1175 789 spathan
1187 706 1318 790 (timet),

155 810 301 872 molodor
326 807 481 889 (laudat),
516 804 682 867 labrattar
708 805 893 889 (loquitur),
922 808 1128 872 docairethar
1154 812 1318 893 (asciscit),

155 912 369 978 tor'dmiaedar
380 911 578 993 (significat),
592 930 808 986 messammor,
822 913 1013 976 messimmr'r
1024 914 1254 999 (judicamus),
1265 918 1318 981 lai·

154 1039 306 1082 memmar
328 1018 528 1097 (audemus),
558 1014 751 1078 sechemmor
774 1016 981 1099 (sequimur),
1003 1018 1169 1097 latrator,
1194 1022 1318 1087 lodo-ilai

154 1126 374 1207 (loquuntur),
399 1121 642 1183 immeclmretar
663 1122 850 1202 (tractant).
900 1122 1057 1205 Exempla
1084 1125 1316 1191 derivationum

152 1229 338 1292 elidentium
350 1226 489 1289 vocales:
509 1224 667 1287 imbresaa
680 1224 880 1307 (contentio),
894 1227 978 1310 plur.
993 1228 1166 1306 imbresna,
1183 1232 1316 1295 crocld

152 1332 354 1416 (crucifixio),
371 1352 445 1413 gen.
463 1329 620 1403 croclstho,
635 1329 833 1392 substantiva
848 1330 883 1392 ia
898 1367 911 1379 ·
923 1331 1011 1415 abad,
1027 1354 1103 1415 gen.
1122 1334 1224 1418 tycho,
1235 1336 1313 1399 -iel-

151 1439 214 1514 tho,
233 1437 388 1499 domande
410 1435 638 1513 (mundanus),
665 1433 826 1497 tolmaade
841 1438 1042 1519 (terrestris),
1067 1439 1212 1521 abiendo
1227 1441 1312 1525 (alpi-

150 1547 242 1624 nus),
261 1541 434 1604 aitrebthid
447 1538 651 1620 (habitator),
676 1538 812 1601 bathara
833 1541 1087 1625 (moribundus),
1111 1543 1309 1628 inrpebtlrocl

150 1647 382 1728 (vitabundus),
398 1646 541 1707 (reodatu
556 1642 721 1724 (trinitas),
735 1645 883 1709 sechdetu
898 1648 1166 1732 (consequentia),
1183 1652 1308 1735 conpel-

149 1752 234 1816 taeta
246 1751 482 1831 (continentia).

234 1857 400 1920 Interdum
420 1856 503 1919 nihil
523 1856 671 1931 interest,
696 1866 805 1918 utrum
828 1858 944 1921 vocalis
964 1859 1078 1922 radicis
1092 1860 1250 1937 elidanu,
1272 1883 1305 1925 ra

148 1962 393 2026 terminationis:
413 1960 591 2045 roilyisr'dsi
601 1960 749 2044 (legistis)
763 1961 822 2023 llll.
841 1959 903 2023 17⁵.
917 1962 1058 2046 role'ysid
1071 1965 1227 2049 (legistis)
1239 1968 1304 2029 Wb.

149 2064 191 2130 7⁵.
211 2067 468 2152 imsaqboidetitls
485 2071 611 2149 (usum;
628 2098 672 2119 =
687 2065 973 2149 immodesta,
998 2079 1036 2131 ut
1056 2091 1133 2132 mox
1153 2070 1188 2132 in
1204 2072 1305 2134 eaden

147 2174 215 2239 loco
231 2174 347 2255 legitur
361 2172 590 2256 coapobthetr'd,
608 2170 852 2247 continentiam)
869 2172 944 2234 Wb.
963 2168 1007 2236 9⁴.

586 2428 859 2513 Diphthongi.

229 2615 431 2700 Diphthongi
443 2626 518 2677 sunt
534 2613 568 2676 in
583 2636 682 2677 unam
697 2614 850 2698 syllabam
865 2615 1062 2680 combinatae
1077 2619 1203 2683 vocales
1214 2623 1299 2685 duae.

144 2726 290 2790 Quotuor
310 2719 558 2783 combinationes
582 2718 738 2800 ejusmodi
759 2720 907 2803 primitas
930 2721 1067 2784 diversas
1088 2726 1302 2806 produxerant

143 2826 271 2908 linguae
286 2824 431 2900 celticae,
454 2823 701 2886 combinationes
724 2825 843 2887 scilicet
870 2825 986 2889 vocalis
1008 2826 1162 2913 principis
1182 2834 1215 2895 A
1236 2852 1301 2896 cum

94 3009 103 3025 ο
142 2931 301 3007 extremis,
316 2931 364 2993 ΑΙ
380 2940 412 2991 ct
426 2930 499 3004 ΑΒ,
514 2940 609 3011 atque
620 2929 868 2993 combinationes
884 2930 1144 2997 intermediamm
1159 2948 1192 3000 et
1207 2950 1301 3000 extre

141 3060 265 3100 mamm
276 3038 359 3099 inter
373 3057 417 3111 sc,
436 3035 494 3098 OE
511 3046 542 3097 ct
559 3036 618 3112 IU,
637 3056 771 3118 quarum
787 3035 878 3113 aliae,
896 3036 923 3098 si
939 3050 1121 3114 occurrunt,
1135 3053 1215 3105 sunt
1230 3064 1301 3105 non·

140 3142 203 3205 nisi
218 3141 406 3204 variationes
421 3140 635 3217 secundariae,
653 3163 718 3202 non
734 3140 913 3203 differentes
929 3142 1061 3223 origine.

227 3248 373 3310 Eundem
389 3246 531 3308 ordinem
547 3256 578 3307 et
594 3245 627 3307 in
644 3245 754 3327 lingua
766 3244 928 3309 hibernica
942 3248 1123 3330 quominus
1136 3272 1304 3334 sequamru

140 3350 187 3413 nil
209 3350 359 3431 impedit,
383 3371 441 3411 nec
462 3359 596 3411 vetate.
622 3372 669 3432 gr,
695 3350 827 3414 defectio
850 3353 975 3434 saepius
997 3353 1089 3415 obvia
1110 3354 1301 3439 diphthongi

141 3454 176 3515 ai
190 3453 223 3514 in
239 3476 287 3529 ae,
305 3476 349 3515 oc.
376 3452 507 3515 Codices
526 3454 626 3515 nostri
641 3455 758 3517 vetusti
773 3456 898 3539 signare
913 3457 1016 3519 solent
1030 3457 1301 3545 diphthongorum

141 3558 263 3620 vocales
278 3557 396 3640 priores
411 3568 544 3619 accentu
560 3571 663 3634 acuto,
685 3582 713 3621 e.
731 3582 779 3643 gr.
797 3561 841 3635 cii,
860 3565 912 3637 aa,
931 3575 968 3625 ut
982 3562 1107 3625 facilius
1122 3565 1301 3631 discemen-

140 3676 192 3725 tur
207 3662 247 3725 ab
258 3660 481 3725 infectionibus
494 3664 536 3741 (e.
550 3685 597 3746 gr.
613 3663 657 3739 ai,
672 3667 740 3745 aa),
755 3686 835 3747 quae
847 3666 1032 3748 regulariter
1043 3689 1109 3730 non
1120 3669 1299 3753 signantur.

222 3805 322 3910 ΑΙ.
347 3841 502 3924 Exempla
515 3841 631 3924 gallica
644 3854 780 3919 vetusta,
795 3866 868 3906 cum
883 3867 949 3908 non
963 3868 1032 3909 esse
1046 3848 1147 3930 possit
1158 3852 1302 3933 quaestio

137 3956 176 4017 de
198 3953 376 4037 quantitate
397 3952 679 4036 diphthongorum,
698 3953 813 4016 abhinc
834 3955 909 4019 licet
930 3958 1076 4039 colligere
1094 3981 1134 4023 ex
1151 3964 1303 4029 omnibus

136 4059 357 4142 scriptoribus,
382 4069 419 4120 ut
438 4079 479 4120 ex
499 4057 775 4141 inscriptionibus,
794 4081 859 4122 non
880 4082 898 4122 e
919 4061 1020 4143 poetis
1042 4063 1129 4127 solis.
1162 4065 1303 4151 Scriptio

136 4164 184 4225 AI
205 4164 298 4226 obvia
312 4162 393 4225 mihi
407 4163 604 4225 solummodo
625 4163 660 4225 in
674 4163 879 4246 inscriptione
894 4164 1062 4230 helvetica:
1087 4169 1217 4233 Corneli
1233 4173 1302 4237 Bil-

135 4266 285 4330 caisionis
299 4268 345 4330 fil.
363 4290 415 4350 ap.
433 4267 532 4330 Orell.
553 4273 632 4341 316,
654 4277 749 4348 atque
765 4270 850 4349 apud
865 4270 998 4352 Gregor.
1016 4273 1156 4336 Tusca:
1179 4275 1301 4341 Caino·

135 4390 234 4436 nense
254 4382 392 4437 castrum
408 4378 444 4447 6,
466 4378 520 4445 133
546 4370 668 4434 obtinet
688 4371 794 4437 forsan
814 4384 847 4437 et
866 4374 901 4436 in
916 4387 1041 4439 vetusto
1055 4377 1184 4441 nomiae
1200 4382 1302 4445 Baro-
