2896 4980
541 363 738 409 ancarano.
1184 349 1229 406 lx

61 516 127 610 ipsi
143 541 250 587 suam
264 516 431 611 linguam
444 517 644 610 appellant.
664 519 786 589 media
800 519 977 614 excussa),
991 541 1085 611 quae
1100 541 1230 610 quarn·

61 635 112 706 tis
130 643 216 706 tuta
233 635 274 708 in
292 635 375 706 altis
387 635 533 728 alpibus
545 636 746 708 vetustiora
766 645 1005 708 monumenta
1016 661 1091 707 non
1109 659 1230 706 serara-

60 753 129 834 ut,
159 762 327 824 attamen
355 754 396 824 in
413 762 559 826 vetusta
581 755 773 826 hibernica
795 753 1077 827 fundamentum
1100 755 1225 825 habet.

59 871 191 944 Altera
208 880 265 943 est
282 872 702 967 britannicalingua
722 873 783 944 cui
795 875 1002 967 proximam
1015 871 1228 967 gallicam

59 991 254 1083 priscam
276 987 388 1062 fuisse
406 968 696 1063 demonstratum
714 1000 785 1076 est,
814 1001 852 1064 et
878 1017 900 1061 a
918 1015 992 1083 qua
1008 997 1229 1083 propagatae

59 1118 143 1180 sunt
161 1109 399 1191 cambrica,
424 1111 615 1194 comica,
639 1111 874 1191 armorica,
898 1130 1230 1203 quaeomncspos-

61 1228 180 1298 sident
197 1238 438 1300 monumenta
454 1229 539 1321 plus
556 1229 616 1300 rel
634 1229 755 1301 urinas
771 1237 926 1313 vetusta,
949 1229 1054 1299 vivae
1068 1235 1106 1297 et
1118 1224 1228 1295 hodie

61 1346 97 1416 in
122 1369 188 1416 ore
211 1347 360 1439 populi,
392 1347 536 1439 scriptis
561 1356 599 1419 et
616 1349 858 1429 carminibus,
887 1355 1042 1440 excepta
1066 1343 1223 1423 comica,

62 1487 152 1556 quae
177 1465 259 1559 jam
288 1464 535 1558 praeterlapso
567 1466 713 1538 saeculo
740 1466 852 1538 etiarn
875 1466 916 1537 in
949 1466 1038 1536 vicis
1069 1461 1228 1557 regionis

63 1581 270 1654 cornubiae
288 1583 408 1654 audiri
426 1584 546 1656 desiit.
559 1585 580 1626 *¹

132 1701 284 1772 Harum
298 1700 521 1794 ljnguarum,
536 1714 579 1776 ut
590 1715 736 1777 exstant
746 1705 868 1786 hodie,
886 1725 1131 1794 unaquaeque
1146 1722 1229 1770 suos

64 1819 218 1889 cultores
237 1827 275 1891 et
292 1821 532 1912 descriptores
551 1823 708 1903 invenit,
737 1825 803 1917 qui
825 1824 1012 1894 interdum
1036 1821 1149 1891 ctiam
1167 1840 1229 1886 vc-

64 1939 257 2008 tustiorum
283 1949 605 2012 monumentorum
623 1944 802 2014 rationem
820 1943 1044 2012 habuerunt.
1091 1938 1230 2008 Hiber·

63 2056 139 2126 nica
158 2081 193 2127 e.
217 2081 289 2151 gr„
312 2065 395 2149 post
413 2059 499 2129 Mac
517 2061 649 2133 Curtia
668 2061 787 2156 (The
807 2061 983 2131 elementa
1002 2055 1043 2127 of
1058 2057 1121 2125 the
1139 2054 1229 2124 irisli

63 2171 257 2269 language.
286 2179 598 2275 Lot-ain1728'').
628 2180 786 2251 O’Brien
814 2181 880 2270 (A
906 2172 1081 2269 practica]
1109 2195 1230 2265 gram-

64 2317 135 2364 mar
153 2293 198 2363 of
213 2296 277 2365 the
295 2296 384 2366 irish
399 2295 595 2391 language.
626 2297 769 2369 Dublin
787 2294 913 2390 l8bb'')
929 2293 1105 2383 aliosque,
1124 2312 1230 2383 prae-

62 2412 211 2504 cipuum
243 2414 609 2497 O’Donovanurn,
652 2418 756 2512 cujus
793 2416 888 2487 libcr
922 2411 1119 2504 inscriptus
1150 2415 1225 2479 est:

60 2529 108 2601 “A
127 2547 316 2624 grammar
330 2532 372 2604 of
385 2535 448 2606 the
466 2536 557 2607 irish
574 2534 771 2630 language‚
793 2533 991 2626 published
1009 2530 1065 2602 for
1083 2530 1146 2599 the
1165 2549 1229 2596 use

60 2646 96 2717 of
110 2651 176 2719 the
195 2651 318 2742 senior
335 2651 466 2723 classes
483 2655 525 2726 in
542 2654 605 2724 the
624 2653 763 2748 college
782 2651 824 2723 of
831 2653 887 2724 St.
900 2650 1092 2722 Columba.
1123 2645 1229 2715 Dua

60 2764 109 2837 lin
137 2767 250 2839 1845.
264 2772 280 2790 ’'
332 2771 606 2842 Vocabulorum
631 2772 711 2867 ejus
736 2771 887 2865 linguae
914 2781 999 2840 non'
1017 2766 1136 2839 solum
1161 2763 1228 2832 ho-

60 2885 208 2957 diernae
226 2888 370 2980 copiam
396 2890 460 2960 scd
478 2891 590 2961 etiarn
608 2890 753 2982 saepius
771 2914 791 2960 e
809 2889 962 2960 vetustis
980 2881 1228 2957 monumentis

60 3004 251 3075 collectam
277 3006 384 3077 offert
411 3007 576 3079 lexicon:
605 3011 689 3079 “An
712 3007 981 3099 irisb-cnglish
1007 3003 1223 3090 dictionary.

59 3123 110 3195 To
128 3125 255 3194 which
272 3125 303 3194 is
322 3128 490 3196 annexed
508 3150 530 3196 a
547 3126 808 3218 compendious
826 3125 916 3196 irish
934 3141 1130 3216 grammar.
1173 3115 1228 3208 By

60 3240 219 3313 Edward
236 3242 459 3338 O’Reilly.
499 3243 641 3315 Dublin
664 3243 803 3314 1821.’‘

62 3410 126 3419 ..--
141 3413 268 3423 ..Γ-.-

60 3506 91 3560 rit
108 3507 179 3561 illud
192 3509 309 3578 primurn
317 3550 324 3575 ,
346 3522 492 3565 occurrunt
504 3512 532 3565 in
546 3512 637 3565 codicc
650 3511 789 3565 hibernico
803 3512 885 3565 Stow.
900 3515 926 3563 l.
940 3527 983 3580 ap.
999 3508 1101 3562 0’con.
1119 3509 1141 3566 l.
1162 3502 1228 3555 ΡΥΟ·

59 3591 109 3661 leg.
124 3593 164 3656 11,
179 3611 206 3664 p.
222 3594 309 3647 xcx—'1
322 3595 351 3648 in
364 3596 528 3650 dictionibus
546 3596 668 3666 repetitis
687 3596 748 3649 elan
767 3615 803 3648 aa
816 3598 895 3660 Seot,
915 3596 994 3648 ciana
1013 3612 1048 3646 ria
1060 3588 1152 3645 Fencd
1170 3587 1229 3656 (filii

59 3675 215 3742 Scotorum,
242 3679 440 3752 venedorum),
467 3680 566 3754 quibus
585 3682 664 3752 primi
689 3682 716 3735 in
736 3682 870 3734 Hibernia
893 3682 1011 3734 advenae
1030 3677 1226 3748 significantur.

59 3759 132 3813 Haec
155 3760 243 3814 forma
259 3764 351 3818 Fened
368 3766 390 3819 si
409 3775 482 3818 recta
501 3773 541 3818 est
562 3765 638 3834 (alias
650 3766 738 3830 Fene,
759 3766 842 3820 Feine
861 3767 961 3837 legitur
979 3762 1139 3830 duntaxat),
1167 3775 1228 3810 cum

57 3846 156 3899 cambr.
175 3848 326 3917 Grcynedd,
346 3850 498 3912 renouata,
514 3851 676 3904 conferenda
688 3860 737 3904 cst.

124 3934 137 3958 ⁸
154 3933 216 3984 Jam
229 3951 277 4003 pcr
289 3935 425 3988 sacculum
440 3935 574 3988 decimum
584 3937 726 4007 septimum
735 3937 816 3990 desiit
829 3954 886 3989 essa
896 3936 1045 3989 communis
1055 3934 1158 4000 lingua,
1173 3927 1227 3980 usi·

57 4024 111 4068 tata
123 4024 231 4069 tanturn
245 4019 271 4071 in
285 4020 377 4089 paucis
391 4020 705 4089 quibusdamctrcmotis
720 4022 796 4074 locis.
817 4022 926 4074 Dicitur
941 4031 1029 4072 tamen
1044 4011 1228 4085 bujuspopuli

57 4099 150 4153 ultima
172 4103 295 4156 cornicae
316 4103 424 4173 linguae
443 4122 527 4173 gnara
538 4105 623 4175 Dolly
636 4106 797 4168 Pentreatd,
817 4106 958 4159 Dorothca
969 4105 1000 4156 P.
1012 4143 1019 4165 ,
1039 4119 1108 4172 quac
1121 4097 1190 4151 obiit
1202 4115 1226 4149 a·

58 4187 121 4238 1:73
135 4196 200 4239 nata
211 4205 297 4241 annos
313 4192 360 4241 102
380 4189 433 4257 (Cf.
449 4189 532 4243 libros
545 4190 704 4259 inscriptos:
715 4189 891 4260 “Specimens
912 4190 943 4242 os
959 4189 1065 4242 cornish
1080 4183 1228 4258 provincial

55 4267 161 4331 dialect,
177 4269 212 4340 by
226 4272 311 4327 Uncle
323 4274 376 4327 Jan
388 4273 564 4328 Treenoodlo.
584 4276 672 4328 Lond.
690 4273 788 4340 teto”,
808 4295 835 4347 p.
855 4279 934 4337 l--t,
956 4283 983 4327 ct
998 4272 1012 4289 “
1023 4274 1080 4326 'llic
1094 4270 1180 4324 Circle
1199 4284 1229 4320 or

55 4353 193 4407 historical
211 4373 309 4428 surrey
327 4359 358 4411 ol
372 4359 445 4429 sixty
465 4359 585 4429 parishas
603 4360 657 4412 and
676 4369 762 4415 towns
782 4361 809 4414 in
823 4358 964 4412 Comwall.
997 4358 1114 4412 llelston
1131 4348 1226 4413 1a10'‘‚

55 4454 79 4506 p.
97 4442 168 4509 195).
