2896 4980
221 339 278 395 ΧΧ
710 349 908 393 sarcasmo.

224 509 372 600 Europa
389 505 468 575 sine
482 503 595 575 dubio
608 504 752 576 celebre
772 528 907 575 nomen
920 505 1114 578 obtinebit.
1154 506 1258 577 Saec.
1275 507 1388 578 I'III.

223 629 376 698 membr.
398 623 482 695 foll·

323 747 429 824 Quae
441 768 461 814 e
475 743 627 814 vetustis
645 743 856 814 monasterii
873 741 977 813 libris
994 741 1136 836 prolata
1152 751 1241 815 sunt
1258 746 1305 816 de
1320 770 1393 817 uno

223 866 347 936 codice
362 862 552 943 Prisciani,
581 887 665 933 cum
683 888 757 933 non
776 864 958 954 quadrent
975 861 1046 933 nisi
1063 863 1103 932 in
1120 863 1299 957 priorem.
1329 889 1395 936 no-

223 992 296 1056 ster
314 985 428 1054 codex
447 983 623 1063 scoticus,
657 981 718 1052 hic
738 982 882 1053 saeculo
900 991 1028 1052 octavo
1047 982 1297 1076 adjudicatus,
1329 984 1395 1056 ubi

222 1103 269 1175 sit
293 1112 482 1183 exaratus,
513 1125 587 1192 quo
614 1111 795 1194 tempore,
827 1101 1010 1193 quomodo
1033 1101 1131 1170 riam
1153 1101 1338 1174 invenerit
1356 1104 1394 1174 in

222 1222 483 1293 monasterium
503 1220 629 1290 Sancti
648 1219 767 1302 Galli,
799 1221 932 1290 desunt
955 1219 1110 1290 certiora
1132 1219 1271 1292 indicia
1288 1248 1395 1317 prae-

223 1351 278 1412 ter
296 1365 340 1410 ea
358 1363 453 1431 quae
471 1364 581 1431 supra
598 1347 685 1408 sunt
702 1346 914 1408 memorata.

324 1460 360 1528 2.
401 1457 527 1528 Codex
552 1457 732 1527 Paulinus
756 1456 1002 1528 bibliothecae
1026 1482 1126 1528 nunc
1144 1459 1395 1533 universitatis

222 1576 535 1670 wirziburgensis
559 1575 764 1668 (distinctus
783 1586 869 1646 nota
883 1578 939 1646 M.
958 1576 1011 1646 th.
1033 1575 1060 1646 f.
1083 1576 1141 1654 12.
1160 1577 1253 1648 mihi
1265 1579 1389 1675 ub),

222 1699 409 1789 quondam
433 1694 606 1767 eeclesiae
630 1683 879 1776 cathedralis,
895 1693 1065 1786 epistolas
1082 1696 1258 1768 Paulinae
1275 1701 1394 1772 conti-

223 1841 331 1895 nens,
367 1814 432 1906 qui
459 1815 613 1884 eandem
637 1812 837 1905 glossarum
862 1815 1024 1907 copiam,
1060 1814 1174 1886 immo
1199 1817 1389 1911 majorem,

222 1959 334 2026 quam
347 1935 462 2004 codex
473 1933 554 2027 Sg..
568 1931 685 2002 offert.
715 1931 892 2010 Quamvis
905 1933 1076 2005 volumen
1095 1933 1174 2028 ejus
1186 1944 1242 2006 est
1253 1935 1388 2019 minus,

222 2064 308 2126 sunt
325 2052 519 2147 ampliores
534 2060 657 2123 tamen
672 2051 812 2146 glossae
828 2053 939 2145 ipsae,
954 2055 1001 2124 ad
1013 2054 1129 2125 instar
1140 2056 1394 2127 commentarii

222 2174 387 2246 continui
403 2181 546 2245 textum
560 2173 776 2243 comitantes
788 2181 825 2242 et
837 2172 960 2243 minus
972 2173 1136 2267 singulas
1148 2197 1253 2244 voces
1266 2174 1393 2269 singu-

221 2294 267 2365 lis
282 2295 450 2369 vocibus,
474 2292 573 2382 quod
591 2289 820 2381 frequentius
835 2292 879 2362 fit
896 2292 935 2361 in
955 2291 1035 2387 sg,
1059 2317 1171 2384 quam
1189 2317 1338 2366 sensum
1356 2304 1393 2366 et

222 2436 360 2484 nexum
388 2421 511 2483 textus
530 2407 679 2478 Paulini
708 2410 900 2480 sententiis
923 2411 1123 2481 hibernicis
1147 2412 1392 2506 interpretan-

222 2540 289 2602 tes.
334 2530 429 2600 Sunt
455 2528 566 2599 etiam
584 2550 701 2618 aeque
718 2525 794 2599 fere
812 2530 979 2622 copiosae
999 2530 1234 2602 intermixtae
1252 2531 1392 2627 glossae

221 2673 319 2719 mere
337 2647 486 2719 latinae.
519 2643 690 2717 Refertns
709 2657 764 2719 est
781 2649 896 2719 codex
914 2649 1093 2744 ejusmodi
1110 2651 1239 2746 glossis
1257 2654 1305 2723 ab
1322 2652 1393 2722 ini-

221 2768 272 2839 tio
299 2790 417 2859 usque
443 2767 490 2836 ad
512 2766 644 2847 finem,
675 2767 722 2836 ad
750 2764 880 2837 folium
905 2769 1239 2861 antepenultimam
1263 2771 1323 2842 vel
1346 2773 1393 2842 ad

220 2887 430 2958 columnam
449 2885 508 2956 34¹
524 2884 652 2978 (usque
671 2886 717 2955 ad
729 2885 848 2956 Hebr.
870 2889 904 2968 7,
928 2888 976 2981 9),
1006 2912 1155 2960 amanu
1172 2898 1343 2961 accurata
1356 2899 1393 2960 et

220 3008 410 3103 diligente,
433 3005 538 3101 cujus
556 3005 689 3075 duetus
702 3004 869 3095 quamtis
883 3015 970 3076 sunt
984 3006 1201 3091 tenuissimi,
1221 3008 1327 3079 valde
1346 3008 1393 3079 si-

220 3126 299 3197 mul
317 3125 416 3197 acuti
434 3134 472 3196 et
495 3124 680 3217 perspicui
703 3133 807 3205 sunt,
839 3148 956 3216 usque
980 3127 1027 3196 ad
1045 3123 1175 3198 folium
1195 3126 1240 3198 32
1266 3136 1305 3197 et
1328 3151 1393 3221 per

220 3243 398 3340 ejusfolii
415 3243 624 3314 columnam
642 3252 810 3333 quartam
831 3243 938 3339 (md),
966 3269 1077 3336 quam
1095 3245 1262 3337 sequitur
1279 3245 1393 3316 altera

221 3387 351 3433 manus
378 3361 529 3432 crassior
554 3367 591 3430 et
617 3360 773 3453 amplior
798 3360 838 3432 in
855 3363 1010 3435 residuis
1028 3364 1219 3435 columnis.
1256 3365 1392 3435 Manus

221 3481 330 3552 tertia
354 3480 465 3551 etiam
491 3477 530 3548 in
556 3478 625 3548 hoc
654 3478 790 3560 codice,
824 3480 930 3552 utin
956 3482 1043 3576 sg.,
1072 3483 1387 3564 animadvertitur,

221 3625 316 3692 quae
334 3600 395 3671 hic
413 3597 490 3669 illic
507 3621 573 3690 per
598 3603 714 3666 totum
739 3596 876 3669 librum
896 3602 1063 3673 voculam
1084 3602 1311 3675 hibernicam
1329 3603 1393 3672 ad-

220 3719 376 3813 scripsit.
423 3719 550 3808 Atque
568 3714 629 3785 hic
648 3717 763 3786 codex
781 3716 812 3787 is
831 3727 896 3799 est,
919 3720 1024 3815 cujus
1043 3722 1211 3793 meminit
1228 3720 1393 3791 Eckhar-

221 3846 280 3909 tus
298 3838 338 3909 in
352 3834 632 3908 Commentariis
651 3836 696 3905 de
711 3837 820 3907 rebus
838 3839 1014 3910 Franciae
1032 3840 1218 3912 orientalis
1235 3840 1284 3934 (l,
1301 3841 1388 3911 272.

221 3956 433 4052 452847),
468 3981 516 4027 ex
542 3977 615 4047 quo
640 3952 751 4023 etiam
777 3958 957 4045 quaedam
982 3960 1183 4053 excerpsit,
1214 3961 1278 4030 sed
1301 3957 1393 4030 falso

220 4075 368 4169 passim.
400 4075 479 4147 Nec
493 4074 644 4158 mirrnn3
668 4096 844 4168 magnum
863 4075 962 4146 enim
981 4087 1075 4149 esset
1091 4078 1257 4173 praedito
1276 4078 1393 4150 oculis

221 4194 342 4265 minus
361 4194 496 4276 acutis,
520 4193 670 4286 insuper
687 4192 816 4286 ignaro
833 4192 1001 4288 linguae,
1024 4184 1287 4269 minutissimas
1305 4197 1393 4269 istas

219 4311 354 4394 literas,
377 4313 533 4407 pallidas
551 4312 695 4404 saepius
714 4312 917 4406 marginem
935 4338 1089 4414 versus,
1104 4339 1260 4408 quarum
1279 4338 1395 4407 quae-

221 4432 304 4502 dam
325 4432 371 4511 le.
394 4457 448 4523 gr.
472 4458 507 4512 a,
531 4457 561 4512 r,
584 4432 613 4507 sl,
633 4431 702 4500 sibi
722 4430 827 4501 valde
846 4430 982 4505 similes
1000 4445 1198 4528 apparent,
1220 4442 1319 4506 recte
1338 4433 1393 4504 le-
