2896 4980
637 352 834 398 rnnnrnmo.
1216 337 1324 395 XXIII

147 507 259 579 ceteri
279 506 436 601 periere.
475 506 555 601 Ego
572 506 618 578 iis
635 508 794 579 libenter
807 509 979 578 adderem
997 505 1206 578 codicem
1223 506 1321 601 epi-

147 627 376 700 stolarum
405 627 454 697 D.
485 626 627 698 Pauli
657 626 785 722 glossis
815 626 1014 698 hibernicis
1038 626 1315 710 illustratam,

146 746 214 817 nisi
240 749 292 818 ob
317 746 519 840 scripturae
547 747 680 818 ductus
703 746 767 817 ille
795 749 850 818 M.
879 745 925 816 It.
956 746 1000 816 P.
1030 745 1318 818 Montefalconio

146 865 305 957 aliisque
329 864 417 937 viris
433 864 588 936 eruditis
605 866 783 937 Parisinis
806 864 972 957 mihique
995 865 1067 960 ipsi
1084 866 1265 938 recentior
1282 876 1321 938 et

146 984 284 1055 saeculi
309 985 399 1057 noni
424 984 483 1055 vel
506 983 640 1056 decimi
667 985 865 1056 videretur.
914 985 1010 1055 Cum
1032 985 1181 1057 interim
1203 984 1318 1056 alium

144 1112 291 1197 praeter
323 1103 362 1175 S.
398 1103 594 1175 Kilianum
624 1128 667 1175 ac
697 1105 813 1175 socios
844 1105 1057 1175 Hibemum
1082 1104 1319 1199 Wirceburgi

144 1224 255 1295 fuisse
274 1233 342 1295 aut
355 1223 522 1318 linguam
534 1222 637 1293 illam
651 1223 705 1294 ibi
714 1223 942 1295 intellexisse
952 1225 1124 1306 nesciam,
1147 1234 1320 1318 excerpta

145 1367 185 1414 ex
204 1342 394 1437 prioribus
412 1341 594 1435 capitibus
612 1342 798 1435 Epistolae
816 1344 863 1415 ad
881 1344 1067 1415 Romanos
1087 1345 1200 1426 addo,
1232 1345 1318 1414 suh

142 1464 280 1558 junctis
312 1460 401 1532 hinc
432 1470 470 1532 et
502 1461 589 1533 inde
620 1461 840 1553 quibusdam
875 1463 1176 1535 annotationibus
1210 1462 1313 1541 meis,

146 1607 238 1675 quae
257 1582 431 1653 evincent
447 1581 584 1677 glossas
601 1581 689 1654 istas
702 1581 909 1654 hibernicas
926 1606 1016 1653 esse.
1027 1585 1044 1605 ’'

244 1706 427 1774 Attamen
450 1698 601 1773 fuerunt
619 1701 850 1796 Wirziburgi
874 1700 986 1773 etiarn
1013 1710 1095 1794 post
1124 1701 1162 1772 S.
1196 1701 1317 1772 Kilia—

146 1847 233 1892 num
261 1820 437 1892 Hiberni.
494 1819 623 1890 Fuerit
656 1819 710 1890 ibi
734 1822 848 1892 abhas
872 1821 1001 1891 Scotus
1028 1821 1174 1892 saeculo
1200 1823 1317 1892 unde-

144 1941 258 2022 cimo,
300 1939 332 2010 si
356 1940 447 2010 fides
468 1939 640 2011 habenda
661 1949 718 2010 est
740 1939 951 2011 Annalibus
978 1939 1049 2011 IV.
1076 1938 1240 2034 magistr.
1269 1941 1317 2010 ad

144 2084 173 2130 a.
192 2061 292 2131 1085
302 2083 361 2152 ap.
373 2058 511 2130 O’Con.
526 2058 561 2141 3,
573 2059 667 2130 648:
691 2059 792 2131 Gillo
801 2059 1009 2131 eumont*
1024 2058 1201 2154 Lotodos,
1213 2058 1319 2130 uusal

143 2202 212 2274 eps.
249 2177 530 2249 Glinaedalocda
556 2180 577 2249 7
608 2178 841 2250 emamanuel
865 2180 922 2248 iar
944 2181 1002 2248 sio
1025 2181 1064 2249 ia
1089 2177 1311 2272 Uaim'sbury,

141 2297 233 2369 decc.
262 2300 316 2368 vii
350 2297 438 2369 Idus
457 2298 578 2393 April.
617 2296 1029 2391 ('‘Gildas-Sanctorum
1059 2295 1311 2391 Lageniensis,

141 2413 363 2486 venerabilis
381 2415 572 2510 episcopus
590 2416 957 2499 Glinndalochensis,
987 2426 1025 2489 et
1042 2426 1154 2511 caput
1188 2440 1316 2487 mono·

139 2535 296 2604 chorum
324 2543 452 2628 postea
474 2530 692 2630 Herbipoli,
725 2535 818 2607 obiit
846 2536 987 2607 Vllmo
1006 2538 1064 2609 Id.
1086 2535 1242 2630 April.’',
1273 2545 1315 2607 ut

141 2653 252 2724 vertit
276 2654 445 2750 O’Con.).
493 2656 565 2727 Sed
588 2678 663 2726 non
691 2654 846 2725 dubium
870 2664 943 2738 est,
976 2656 1068 2748 quin
1091 2655 1313 2727 obtinentin

138 2772 209 2841 hac
237 2773 370 2843 notitia
393 2774 618 2846 incertitudo
643 2773 683 2845 ni
713 2774 887 2867 temporis
910 2783 1033 2845 tamen
1057 2774 1148 2858 loci,
1184 2773 1313 2846 confu-

139 2892 191 2962 sio
210 2892 405 2963 nominum
423 2894 639 2988 Wirziburg
661 2902 700 2964 et
718 2892 992 2989 Regauisburg,
1024 2907 1062 2965 et
1085 2894 1313 2987 significetur

140 3012 334 3081 Marianus
353 3013 499 3087 Scotus.
529 3013 594 3105 qui
613 3013 836 3084 Ratisbouae
862 3011 1007 3082 saeculo
1034 3013 1228 3082 undecimo
1247 3036 1312 3082 ex-

138 3140 251 3201 eunte
261 3133 330 3201 sub
340 3132 509 3225 episcopo
518 3134 655 3202 Ottone
665 3131 740 3225 (qui
750 3129 911 3224 praefuit
922 3132 967 3199 ab
980 3153 1014 3198 a.
1031 3130 1125 3200 1060
1136 3154 1252 3220 usque
1264 3131 1311 3201 ad

138 3273 170 3319 a.
195 3250 312 3334 10893
341 3248 531 3321 Erfordiae
548 3250 661 3322 etiam
675 3251 754 3348 jam
772 3274 806 3320 a.
836 3248 929 3318 1036
948 3249 1210 3320 monasterium
1225 3249 1311 3320 Sco-

206 3529 220 3554 ·
243 3527 492 3591 Gdlnmnnooml,
506 3535 560 3580 ret.
578 3526 771 3591 Gillanondeb,
790 3544 845 3597 quo
863 3526 1132 3597 significatursernus
1144 3533 1306 3591 sanctorum,

137 3612 255 3682 sqr'llo,
284 3612 390 3666 hibern.
414 3611 478 3664 hod.
495 3611 581 3679 qrbllo
600 3613 718 3683 (servus,
742 3611 888 3665 =cambn
906 3612 1016 3677 eilias,
1039 3628 1067 3681 p.
1089 3613 1181 3683 del),
1210 3630 1308 3666 nomen

138 3707 168 3751 ut
188 3697 438 3751 Gsblh-Podraicc
462 3716 512 3750 mc.
536 3697 669 3767 Conqtas'l
689 3698 805 3767 (u-P,
831 3698 850 3751 i.
865 3715 889 3752 e.
908 3715 1002 3752 servus
1020 3697 1149 3762 Petricii,
1167 3697 1307 3770 triones,
1410 3696 1413 3701 ’

139 3782 307 3835 (rum-er.
327 3801 363 3835 uo
381 3782 586 3837 Maos‘ldsltaine
606 3783 738 3853 (II-ee,
765 3783 784 3836 i.
804 3802 828 3836 e.
849 3801 942 3837 sermm
955 3782 1065 3848 Christi,
1086 3800 1171 3853 nepos
1188 3783 1242 3856 M.)
1263 3803 1307 3856 sp.

137 3867 241 3922 0'Cou.
260 3871 286 3932 3,
308 3871 368 3920 754.
388 3872 448 3922 802.
485 3869 556 3922 Mire
577 3876 719 3922 vertuntur
737 3869 803 3923 haec
822 3869 933 3923 nomino
953 3867 1068 3922 “Gildss
1080 3868 1214 3922 Patricius
1230 3870 1250 3923 f.
1265 3871 1306 3936 0.,

138 3952 234 4006 Gildss
247 3952 418 4007 Christianus
431 3951 523 4007 O’M.''
538 3972 581 4025 sp.
596 3955 710 4020 O’Con.,
729 3972 790 4008 cum
804 3954 841 4008 sit
856 3953 1018 4025 significatio
1037 3953 1092 4006 iere
1110 3953 1217 4017 eedem,
1240 3972 1310 4025 quse

136 4045 178 4090 est
190 4037 334 4091 nominum
347 4039 558 4108 compositorum
570 4057 632 4092 cum
643 4041 733 4105 moab,
747 4041 839 4106 maol,
853 4057 986 4110 quaeror
999 4056 1089 4091 annon
1102 4039 1201 4092 rectius
1209 4040 1309 4111 junga-

135 4130 257 4176 turcom
269 4123 486 4178 comburrendo
507 4125 592 4194 mayel
611 4126 648 4196 (p.
666 4125 735 4195 121),
756 4143 837 4196 quam
856 4142 917 4178 cum
936 4126 989 4196 adj.
1010 4125 1090 4189 maol,
1110 4125 1203 4193 quaeri
1216 4125 1306 4183 debet.

136 4208 329 4279 Colligendom
341 4211 415 4274 inde,
433 4211 509 4263 Gillo
520 4211 620 4264 nannet
635 4210 679 4280 (an
692 4212 782 4264 -odsbs
789 4211 860 4282 sing.
870 4211 944 4275 iem,
953 4217 1061 4264 sanctae
1069 4211 1181 4281 virginis
1189 4213 1210 4282 Ρ)
1226 4213 1309 4268 luisse

135 4311 235 4348 nomen
256 4294 425 4350 hibernicum
445 4296 562 4350 llariani
574 4296 695 4361 abbatis,
723 4303 753 4350 ut
771 4297 824 4350 fuit
841 4295 1006 4365 Mastane
1022 4296 1139 4349 Mariani
1153 4297 1260 4363 inclusi,
1282 4307 1310 4353 ot

135 4380 233 4432 Scotos
245 4378 306 4434 looo
318 4381 496 4453 peculiarium
502 4399 615 4436 suorum
632 4381 832 4436 hibernicorum
844 4382 986 4436 nominum
997 4382 1050 4436 sibi
1062 4383 1147 4438 latina
1159 4385 1201 4438 vel
1210 4384 1308 4438 biblica

135 4465 265 4520 ascivisse
277 4465 306 4521 in
319 4475 391 4522 terra
402 4468 569 4522 continente.
