2896 4980
137 367 200 429 226
243 365 273 428 1.
292 370 323 425 2.
354 380 491 424 consor.
510 380 600 424 nair.
619 379 859 425 incnonnriun
876 378 1033 424 nermo
1047 374 1203 422 ursanus.

136 578 201 641 yan
224 555 367 637 (clypeus
389 556 493 633 meus)
512 558 546 626 1,
565 557 596 612 9.
613 550 756 635 oyntebic
776 548 898 633 (opinio
919 550 1005 629 mea)
1030 555 1065 623 1,
1086 551 1162 609 245.
1186 554 1309 631 aynau,

137 668 270 746 eynntnt
284 662 387 741 (pater
401 660 505 737 meus)
521 663 548 730 l,
565 660 638 717 252.
655 655 795 739 ynkylcb
811 655 859 736 (in
875 652 1025 735 circuitu)
1040 659 1068 728 1,
1084 659 1115 714 4.
1141 654 1309 716 Interdum

139 767 216 829 adeo
238 763 391 826 destituta
412 760 574 823 invenitur
595 780 734 823 consona
756 760 929 823 inchoans:
954 779 1009 842 ym
1024 758 1104 820 benn
1121 757 1173 838 (in
1187 754 1303 836 initio),

138 895 181 956 yn
193 870 331 955 yysayos
347 865 395 947 (in
410 865 590 940 vicinitate3
606 887 707 946 penn,
726 866 873 949 cyfoyos)
888 865 977 927 Mab.
999 871 1028 939 1,
1049 870 1125 925 236.

188 957 192 963 ’
224 975 355 1037 Ceterae
370 992 526 1034 consonae
541 992 607 1033 non
624 982 817 1053 tanguntur:
834 992 874 1054 ay
894 967 1102 1033 Ilndetinoisc
1113 966 1225 1049 (vestis
1238 984 1321 1045 neq

139 1082 257 1162 lutosa)
274 1078 361 1141 Mab.
383 1085 411 1153 1,
432 1084 461 1139 4.
486 1099 529 1160 yn
551 1076 592 1137 lle
607 1076 696 1138 orall
709 1076 757 1156 (in
773 1074 835 1137 alio
849 1075 952 1155 loco),
969 1097 1014 1159 yn
1029 1074 1092 1157 llys
1108 1073 1157 1153 (in
1172 1071 1254 1151 aula)
1269 1077 1309 1156 l,

142 1195 171 1247 5.
192 1191 265 1247 237.
290 1206 332 1267 ay
355 1183 465 1246 moreh
487 1184 602 1263 (equus
623 1185 728 1262 meus)
747 1189 776 1256 1,
795 1188 826 1243 4.
850 1201 922 1264 oym
944 1177 1052 1241 merob
1074 1178 1156 1259 (filia
1176 1178 1253 1257 mea)
1267 1184 1302 1260 1,

142 1298 215 1353 291.
232 1312 276 1374 yn
291 1309 432 1373 rynyyns
448 1287 496 1369 (in
519 1286 680 1369 superbia)
698 1293 726 1362 1,
744 1290 816 1347 242.
834 1307 874 1369 oy
884 1284 969 1370 ffyd
977 1284 1070 1366 (fides
1084 1287 1170 1363 mea)
1187 1290 1214 1357 1,
1227 1286 1291 1347 243.

140 1420 180 1480 oy
196 1394 321 1458 chroaer
336 1396 435 1473 (soror
450 1396 534 1473 mea)
554 1398 582 1467 1,
602 1396 675 1453 252.

226 1500 274 1561 II.
308 1499 347 1559 In
363 1497 600 1580 compositione.
633 1504 660 1558 l.
685 1496 827 1558 Iniectae
842 1495 908 1557 sive
923 1493 1117 1558 assimilatae
1131 1504 1278 1576 postma-
1315 1510 1323 1573 ’,Ι

142 1607 204 1668 lem
219 1602 342 1664 mediae
356 1599 538 1681 exemplum
553 1599 746 1663 cambricum
765 1600 968 1664 notissimum
982 1610 1031 1664 cst
1044 1620 1162 1663 nomen
1176 1592 1277 1660 cunbii·
1312 1578 1323 1587 “

141 1731 215 1773 cum
226 1709 343 1790 ipsum,
355 1705 440 1787 quod
451 1703 485 1765 in
497 1704 604 1767 codice
616 1706 694 1787 Leg.
706 1705 854 1768 scribitur
865 1707 998 1780 Kemro,
1008 1705 1135 1789 Kemry
1147 1702 1273 1785 (camba,

142 1812 295 1894 Cambri)‚
311 1812 384 1873 feni.
403 1811 565 1884 Oamraes,
584 1812 757 1873 Oamoraes
769 1811 944 1891 (Cambra'),
959 1810 1044 1893 plur.
1060 1830 1179 1893 eymry,
1191 1806 1275 1891 lym

142 1920 177 1982 in
199 1919 271 1981 Lib.
297 1916 399 1978 Land.
423 1913 567 1997 privileg.
586 1915 662 1977 eccl.
686 1938 718 1998 p.
740 1922 799 1977 113
822 1926 854 1977 et
876 1916 963 1978 Mab.
983 1920 1020 1990 2,
1040 1920 1093 1976 50.
1113 1917 1183 1975 242.
1200 1916 1226 1984 3,
1238 1909 1273 1967 sl.

143 2024 327 2087 Hodiernae
341 2021 474 2082 formae:
498 2021 624 2103 Gymro,
642 2021 725 2102 plur.
747 2022 866 2105 C'ymry
882 2019 1042 2103 (camber,
1060 2015 1209 2095 cambri),
1223 2012 1274 2074 len·
1320 2026 1323 2067 1

147 2133 298 2215 Oymroe's
314 2126 488 2209 (cambra),
507 2125 593 2185 unde
612 2126 778 2208 Cymroey,
801 2127 979 2209 Oynmraey
993 2123 1121 2206 (lingula
1135 2116 1275 2184 cambrioet
1318 2132 1323 2195 ,“

143 2236 184 2297 cf.
205 2237 372 2314 Soesoney,
391 2230 503 2312 lingua
526 2228 685 2304 saxonica,
704 2230 854 2312 anglica),
876 2233 1006 2314 Uymrn,
1028 2231 1179 2313 tymmru
1200 2223 1277 2305 (ca
1320 2212 1323 2237 ¹

143 2340 236 2421 bria).
270 2339 328 2400 Est
342 2334 553 2418 compositum
568 2355 585 2395 e
601 2355 709 2416 praep.
728 2355 798 2411 aare,
812 2335 927 2417 juncta
941 2356 1015 2418 cyn-
1030 2335 1144 2415 (con),
1160 2344 1190 2394 et
1203 2327 1277 2392 subtl-
1321 2330 1323 2337 '

144 2444 200 2506 tro
223 2446 337 2523 (arra,
361 2472 405 2492 --
428 2441 521 2522 trop,
546 2462 579 2522 p.
601 2444 768 2521 106.159)
790 2439 1010 2522 significatque
1037 2438 1073 2501 in
1101 2456 1224 2501 sensum
1242 2427 1279 2491 n·

141 2546 251 2629 jectivi
283 2564 409 2605 versum
438 2545 495 2623 (ut
528 2566 639 2626 graeca
668 2543 823 2626 ejusmodi
850 2544 1043 2628 composita)
1070 2550 1281 2607 conterraneum

147 2650 201 2727 (cf.
226 2650 282 2711 lat.
302 2649 537 2711 contubernalis
552 2672 609 2732 pro
624 2649 870 2725 contabernaIiS,
889 2661 921 2712 et
935 2650 1059 2712 hibern.
1077 2659 1142 2712 vet.
1160 2640 1280 2709 saintes

147 2754 288 2837 ejusdcm
311 2753 407 2828 domi,
432 2754 642 2835 communis),
666 2755 798 2815 eandem
821 2765 936 2817 terram
956 2755 1167 2828 habitantem,
1189 2745 1284 2825 indit*

147 2882 233 2921 nam.
280 2859 307 2920 E
337 2858 437 2920 forma
468 2861 602 2943 Cymro,
633 2858 717 2940 plur.
752 2862 870 2944 Oymry
894 2858 1059 2941 (flexionis
1085 2858 1235 2927 internae,
1251 2871 1286 2898 ⁵²

151 2965 325 3051 Cyminyy,
350 2976 387 3027 ut
406 2966 514 3048 escyb,
538 2963 692 3046 episcopi,
719 2986 758 3026 ex
777 2965 882 3039 esoob,
907 2964 1000 3049 leym,
1026 2984 1156 3037 cornua,
1178 2981 1195 3021 e
1214 2957 1287 3023 lete)

147 3070 301 3155 prodiere,
319 3069 420 3132 vocali
442 3069 521 3132 mire
536 3069 715 3144 immutata,
734 3070 851 3131 formae
870 3071 990 3153 Cymrn
1014 3078 1046 3130 et
1064 3069 1229 3151 Gymnas.-
1245 3072 1288 3117 tt·

150 3175 325 3239 tustissima
339 3175 439 3237 forma
454 3174 566 3237 fuisset
582 3172 623 3253 (si
638 3196 666 3236 e.
680 3195 728 3256 gr.
746 3173 855 3236 audita
866 3172 1037 3247 Romanis;
1056 3172 1112 3234 sed
1124 3180 1248 3247 ortump

150 3281 203 3343 cul
228 3279 325 3342 dubio
351 3300 466 3340 nomen
499 3289 572 3360 post
598 3277 795 3340 invasionem
821 3278 1000 3360 Saxonum)
1030 3276 1226 3358 Combroyee,
1246 3253 1292 3325 ⁰¹¹5

151 3382 381 3466 significatione
397 3382 577 3464 oppositum
593 3395 640 3445 est
652 3395 812 3445 vetustum
824 3382 973 3465 gallicum
985 3401 1103 3443 nomen
1115 3378 1291 3455 Attonsae,

151 3489 174 3549 i.
189 3509 217 3549 c.
236 3486 357 3548 alienae
373 3498 472 3548 terrae
487 3486 620 3548 incolae.
630 3486 646 3519 ¹*
668 3487 833 3570 Ejusmodi
847 3487 1021 3570 composita
1036 3496 1069 3548 et
1083 3484 1177 3549 hodie
1188 3474 1299 3546 exstffl‘

154 3671 362 3683 ..ι’-

222 3776 234 3799 '
253 3771 302 3824 cui
321 3772 429 3826 confero
447 3790 531 3842 germ.
545 3775 654 3839 Alcesti,
669 3775 795 3840 silantia,
809 3776 895 3841 sedes,
910 3782 981 3829 terra
998 3774 1096 3839 ebena,
1116 3782 1188 3828 terra
1204 3764 1304 3824 tow*

154 3859 187 3911 ab
206 3857 365 3911 Alamannia
390 3866 527 3928 occupata.
565 3861 755 3931 Interpretatio
780 3868 885 3913 vetusta
906 3878 950 3931 ap.
971 3859 1116 3913 Scholiast.
1139 3859 1167 3911 in
1190 3838 1303 3910 surcul-

154 3960 181 4014 p.
197 3946 256 3995 347.
277 3941 319 3994 ed.
335 3940 468 3995 Cramen':
486 3939 665 4014 “Allobroyae
684 3944 755 3997 Galli
776 3952 849 3997 sunt.
882 3944 948 3997 Ideo
968 3950 1057 3996 autem
1070 3944 1137 3996 dicti
1149 3938 1306 4001 Μ’

155 4028 283 4096 quoniam
296 4028 391 4095 brayae
403 4026 475 4080 Galli
487 4045 582 4096 cyrum
595 4030 697 4092 dicunt,
709 4030 763 4081 olla
776 4036 865 4081 nutem
878 4028 961 4093 alind,
972 4028 1037 4081 dicti
1048 4029 1135 4098 igitur
1146 4026 1207 4097 qnia
1216 4036 1242 4074 οἱ
1249 4002 1311 4065 ’Ψ

156 4112 209 4164 1000
219 4113 337 4180 sanan
354 4111 507 4164 cananea
531 4113 631 4165 arenas
648 4111 816 4177 crediderim,
831 4114 894 4183 qua
910 4113 940 4166 in
956 4113 1072 4166 aueum
1084 4121 1192 4175 amm,
1203 4095 1311 4183 toul?

156 4204 217 4249 ante
237 4214 292 4251 non
310 4212 467 4266 possessam,
488 4197 619 4249 translati.
644 4197 749 4249 Eodem
767 4199 848 4250 modo
860 4216 979 4270 compos.
999 4198 1099 4251 cambr-
1118 4197 1202 4250 attan
1213 4185 1312 4260 (ὕων

156 4297 233 4349 gena,
249 4299 282 4333 ex
300 4280 388 4332 alieno
401 4279 500 4349 populo
513 4280 660 4344 oriundus;
682 4286 724 4332 tut
733 4299 760 4351 p.
778 4284 836 4354 118)
851 4285 918 4354 Leg.
933 4284 970 4354 sq.
979 4306 986 4349 ι
1007 4284 1042 4336 ad
1060 4282 1203 4335 secundam
1213 4262 1311 4347 W

156 4363 272 4416 nominis
285 4362 446 4417 conferenda
465 4370 569 4416 vetusta
582 4364 764 4434 Antobrogius
778 4366 864 4431 Caes„
880 4369 1050 4437 Antobroges
1063 4366 1135 4419 Plin.
1157 4364 1183 4418 E
1193 4346 1311 4416 ΜΨ

158 4446 275 4516 (9¹in
285 4447 484 4518 Pwmlnfflt
498 4472 534 4493 ¹·
545 4448 621 4516 ltsslb
632 4448 660 4501 in
673 4449 800 4520 supertes.
810 4452 917 4521 kyntnl]
931 4451 965 4505 ci.
974 4468 1048 4506 nom.
1056 4451 1121 4522 gall.
1130 4414 1306 4515 cintorffl
1321 4450 1323 4458 ’
