2896 4980
140 326 202 389 200
247 327 275 390 Ι.
296 330 327 387 2.
369 343 593 390 cousouaauu
610 342 872 389 umnmucsauu
889 342 1132 389 mauorsnnu
1148 345 1312 391 soumis.

227 496 264 558 C.
297 493 477 558 Inlectio
502 494 661 559 nasalis
688 495 722 557 in
742 502 869 556 vetusta
889 492 1001 576 lingua
1014 493 1182 558 hibernica
1197 495 1234 559 in
1248 518 1316 559 me·

142 601 195 665 dio
217 611 249 664 et
269 602 334 663 fine
362 622 475 663 vocum
501 600 698 663 solummodo
726 598 834 675 obvia,
863 598 1042 663 infectio
1068 601 1316 665 destituens

141 708 244 772 eidem
265 705 395 771 omuino
415 706 525 790 ignota
547 715 605 768 cst.
638 707 680 769 In
702 703 855 767 hodierna
875 704 1004 769 demum
1018 706 1131 791 lingua
1144 707 1315 771 hibernica

141 812 270 877 infectio
292 824 426 895 utraque
448 834 514 874 non
535 810 639 874 solum
660 810 694 873 in
708 810 814 873 medio
828 821 861 873 ct
875 812 940 874 line
955 811 1077 874 obtinet
1092 811 1240 883 (infectio
1255 836 1313 877 na·

142 919 216 982 salis
232 941 264 1002 p.
285 927 335 994 74,
354 917 530 981 destituens
544 939 577 1000 p.
598 920 668 998 87),
687 917 743 979 sod
758 916 854 979 etiarn
875 916 911 980 in
925 916 1018 980 initio
1033 939 1161 995 vocum,
1180 919 1314 983 dicinrr·

143 1045 204 1107 quc
216 1023 369 1086 inchoans
381 1023 459 1085 hacc
471 1033 604 1104 utraque
615 1021 776 1084 communi
788 1022 942 1085 vocabulo
956 1023 1120 1106 eclipsis
1132 1025 1174 1087 ab
1186 1024 1309 1089 hodier-

142 1129 192 1193 nis
214 1128 428 1212 grammaticis
451 1130 497 1211 (p.
518 1131 584 1209 76).
616 1127 669 1190 Fit
690 1138 797 1190 autem
817 1127 943 1211 eclipsis
960 1139 1034 1212 post
1053 1130 1247 1212 pronomina
1262 1129 1309 1219 vel
1335 1168 1343 1181 ·

92 1290 96 1295 .
143 1236 313 1319 particulas
336 1233 518 1327 tenninatps
538 1234 579 1295 ab
593 1254 626 1308 n,
644 1254 725 1314 quae
740 1232 774 1295 in
789 1243 916 1296 vetusta
929 1233 1042 1317 lingua
1055 1245 1186 1298 servant
1199 1258 1223 1298 a
1236 1246 1307 1299 autc

143 1341 265 1405 vocales
280 1351 312 1404 et
326 1341 456 1416 medias,
471 1339 527 1402 sed
537 1337 692 1421 abjiciunt
703 1349 779 1401 ante
790 1350 913 1417 tenues,
927 1340 1026 1424 aetf
1033 1342 1080 1422 (p.
1094 1346 1146 1402 53.
1159 1343 1227 1424 54),
1241 1339 1305 1425 qui·

142 1447 203 1509 bus
224 1445 354 1508 voculae
375 1446 530 1528 quaedam
549 1465 669 1527 paucae
690 1445 862 1521 accedunt,
883 1465 1019 1527 quarum
1040 1466 1107 1508 uon
1128 1457 1178 1509 ast
1200 1447 1305 1509 eadem

142 1550 290 1635 primitus
310 1551 495 1634 proprietas.
528 1552 587 1613 Est
600 1549 779 1613 accuratius
794 1549 937 1634 inspecta
950 1549 1082 1633 duplex,
1099 1550 1224 1615 scilicet
1236 1549 1303 1614 ecli-

143 1640 209 1740 psis
224 1654 411 1731 mediarum,
426 1677 506 1737 quae
520 1655 737 1718 assimilantur
751 1653 1012 1739 pronuntiatione
1024 1655 1230 1738 praecedenti
1243 1655 1309 1739 πα.

143 1759 344 1846 praecedenti
362 1762 424 1842 m),
448 1770 543 1843 atquc
564 1759 690 1844 eclipsis
713 1759 876 1837 tenuium,
900 1782 982 1844 quae
1005 1771 1079 1844 post
1100 1781 1303 1824 excussama

143 1864 403 1950 pronuntiatione
425 1865 644 1928 destituuntur
659 1868 784 1948 (eodem
805 1867 899 1929 modo
920 1877 958 1930 ut
972 1866 1007 1929 in
1021 1870 1087 1930 fine
1101 1866 1137 1928 in
1152 1866 1243 1942 caud,
1259 1863 1302 1927 bi·

143 1973 233 2034 bern.
251 1982 313 2033 vet.
332 1973 380 2034 ebt
392 2003 435 2034 ε-
449 1980 529 2047 cent,
547 1983 675 2034 centum
682 1996 692 2047 ;
715 1972 749 2034 iu
763 1973 867 2036 medio
881 1984 954 2056 post
967 1993 987 2034 r
1000 1972 1035 2035 in
1048 1973 1173 2036 carbad
1184 2003 1230 2024 =
1242 1992 1302 2033 car·

144 2080 304 2161 pentum).
323 2076 464 2141 Priorem
473 2076 685 2140 ideodicimus
700 2077 879 2162 eclipsin
895 2079 1092 2154 nasalem,
1102 2077 1302 2162 posteriorem

145 2185 212 2247 des
222 2183 456 2259 timentem,
472 2181 499 2244 si
514 2181 661 2244 volumus
672 2182 808 2246 retinere
819 2182 1112 2247 denominationem
1122 2194 1303 2246 consuetam

143 2289 368 2373 grammaticis.
402 2287 534 2375 Proprie
553 2287 601 2351 nil
620 2299 668 2351 est
688 2288 752 2352 nisi
774 2289 901 2353 infectio
921 2288 1040 2354 nasalis
1060 2289 1111 2351 vel
1131 2288 1303 2352 destituens

145 2394 179 2457 in
193 2394 286 2458 initio
301 2416 426 2459 vocum.

231 2506 259 2560 1.
285 2500 467 2582 Eclipsis
494 2501 655 2566 nasalis.
689 2501 879 2569 Scribuntur
901 2501 1030 2586 quidem
1051 2499 1300 2575 adhucmediae,

143 2607 198 2668 sed
224 2627 290 2668 non
321 2607 588 2689 pronuntiantur,
613 2607 635 2670 i.
660 2629 689 2670 e.
718 2607 934 2672 assimilantur
965 2607 1167 2691 praecedenti
1193 2604 1299 2669 nasali

145 2711 281 2794 Scriptio
301 2710 454 2774 hodierna
474 2711 555 2774 mim
576 2715 670 2775 modo
691 2717 767 2797 (quo
788 2725 894 2776 tamen
915 2713 1043 2776 infectio
1057 2711 1177 2775 nasalis
1192 2709 1303 2774 malia-

143 2839 215 2880 rum
229 2817 449 2881 inchoantium
464 2818 560 2881 simul
582 2840 655 2880 cum
669 2818 859 2902 etymologia
874 2818 1045 2901 iudicatur)
1061 2817 1204 2881 nasalem
1218 2839 1238 2879 a
1252 2837 1304 2878 sua

142 2946 218 2987 voce
241 2936 365 3008 separat
385 2935 480 3007 atque
503 2924 625 2987 mediae
645 2924 859 2987 obscurandae
879 2900 1040 3007 praefigit:
1066 2945 1106 2985 ar
1126 2923 1247 2998 moron,
1265 2921 1304 2983 le·

142 3033 283 3114 gendum
299 3052 369 3093 arm
384 3035 441 3094 ro'n
457 3033 514 3112 (a
528 3052 599 3094 arm
615 3031 729 3110 aaran),
745 3051 801 3113 pro
816 3050 886 3091 arm
903 3029 978 3091 bron
994 3030 1084 3110 (cura
1098 3033 1239 3110 nostra);
1258 3026 1305 3088 iar

143 3137 324 3213 nde'anadh,
342 3138 512 3221 legendum
528 3136 601 3199 iam
622 3133 747 3197 banada
769 3137 826 3216 (ει
840 3133 913 3198 iarn
928 3136 1014 3210 aba„
1033 3135 1057 3198 d
1071 3144 1196 3199 mutata
1210 3133 1245 3195 in
1259 3136 1303 3213 a),

142 3266 199 3328 pro
221 3244 294 3306 iarn
316 3243 464 3306 dionadh
486 3246 572 3326 (post
594 3241 739 3322 factum).
772 3240 837 3303 Alii
851 3252 925 3323 post
939 3240 1080 3303 nasalem
1094 3239 1248 3301 lineolam
1261 3238 1305 3300 in·

143 3359 330 3431 tcrponunt:
355 3371 394 3411 ar
413 3347 623 3411 m-buacbaill
642 3349 735 3428 (puer
750 3350 882 3427 noster),
900 3368 939 3408 ar
957 3346 1050 3408 mdia
1066 3347 1159 3427 (deus
1175 3346 1304 3424 noster).

106 3460 112 3467 '
142 3454 225 3515 Item
246 3453 327 3515 dhar
346 3452 471 3535 raquais,
491 3453 570 3516 bbar
592 3451 721 3535 apricis
743 3451 935 3535 (periculum
957 3454 1111 3532 vestrum)
1126 3472 1186 3533 pro
1208 3450 1307 3514 taam

139 3558 255 3642 pristim·
278 3559 333 3620 sed
354 3569 392 3620 ut
412 3557 446 3619 in
468 3569 593 3621 vetusta
608 3558 721 3641 lingua
735 3556 927 3620 combinatio
942 3578 984 3640 ny
1000 3566 1141 3618 scrvatur
1157 3556 1192 3623 in
1206 3554 1309 3619 modio

140 3676 172 3727 ct
193 3664 256 3725 fine
278 3685 403 3739 vocum,
421 3663 518 3727 ctiam
540 3665 573 3727 in
594 3663 746 3726 hodierna
768 3662 1026 3745 pronrmtiationc
1044 3683 1067 3745 9
1087 3683 1107 3723 a
1121 3660 1226 3724 nasali
1246 3682 1309 3724 nou

141 3771 326 3834 obscuratur
347 3769 488 3845 omnino,
514 3773 568 3834 sed
589 3770 696 3845 habet,
720 3778 757 3830 ut
776 3766 888 3830 dicunt
908 3766 1118 3849 grammatici,
1140 3766 1310 3833 dimidium

139 3898 265 3940 sonum.

228 3987 258 4051 2.
289 3981 472 4066 Eclipsis
498 3980 748 4045 destituens.
791 3977 918 4042 Nasalis
945 3977 1061 4041 finiens
1090 3975 1308 4060 praecedentis

137 4089 223 4154 vocis
238 4088 398 4151 excutitur
418 4100 493 4151 anto
515 4100 637 4164 tenues,
655 4085 742 4149 utin
765 4095 889 4149 vetusta
910 4083 1037 4167 lingua3
1057 4095 1170 4146 tenues
1186 4096 1305 4158 autem,

138 4217 216 4259 sono
244 4193 397 4256 destituto
421 4192 695 4276 pronuntiandae,
719 4191 884 4254 scribendo
911 4203 1079 4252 scrvantur
1103 4211 1205 4273 aeque
1231 4190 1310 4252 miro

137 4302 231 4366 modo
247 4303 325 4381 (quo
342 4309 448 4360 tamen
463 4296 628 4360 destitutio
643 4297 790 4359 tenuium
806 4297 990 4378 indicatur),
1005 4297 1126 4379 positae
1138 4296 1263 4359 scilicet
1277 4293 1309 4357 iu

135 4403 305 4487 originaria
319 4404 419 4467 forma
440 4414 513 4486 post
528 4403 725 4467 destitutam.
759 4401 908 4484 Exempli
922 4401 1025 4485 gratia
1039 4402 1159 4484 pdiade
1174 4402 1310 4485 (infans)
