2896 4980
139 281 142 285 ’
197 272 265 336 ΙΙΙ.
285 277 317 335 2.
349 293 451 336 vsam
467 293 664 339 asisanmcr
680 294 792 338 xcrrvr
807 295 966 339 ransom
981 295 1202 340 sncuummx.
1250 277 1311 339 509

143 440 261 526 garsie
274 441 322 505 mi
335 463 356 504 a
371 442 480 505 rodwn
495 442 535 506 itt
548 464 631 506 naen
646 443 736 529 ualy
749 443 869 526 qwelat
882 465 939 506 euo
953 465 1025 525 pan
1036 445 1132 530 eluty
1144 467 1259 529 mywa.
1274 467 1312 507 ae

145 571 186 632 ny
201 547 294 610 welei
306 548 348 631 es
355 547 436 631 dydi
450 548 491 628 (si
506 550 596 611 dares
611 548 692 611 mihi
703 551 799 611 fidem
813 561 911 625 tuam,
926 549 1129 632 pollicereris,
1143 572 1195 613 me
1206 571 1312 614 amare

144 651 283 715 maxime
294 650 548 729 intermulieres,
560 674 618 735 ego
629 654 737 716 (larem
750 653 808 717 tibi
819 653 969 736 lapidem,
984 653 1030 717 ita
1040 665 1078 716 ut
1089 653 1210 716 videres
1223 675 1308 729 eum,

144 767 341 840 serpentem,
365 779 439 819 cum
460 757 612 833 intrares,
636 768 668 821 et
688 780 754 821 non
777 758 898 821 videret
920 759 988 842 ipse
1009 765 1054 838 te)
1071 758 1158 820 Mab.
1181 767 1215 833 1-,
1236 764 1308 820 273.

138 884 214 946 pwy
239 863 299 924 oed
318 884 423 945 ypwr
437 863 588 948 mwyltos
597 873 714 947 operat
729 864 837 927 tt'theu.
855 885 930 948 myn
946 872 1073 948 queret
1087 863 1183 947 etlym
1195 863 1317 947 qledyf

145 967 219 1029 coel
244 968 304 1028 oecl
315 990 337 1051 y
350 989 421 1050 ρων
435 967 586 1052 mwyhaf
600 992 620 1030 a
633 990 745 1052 qarwn
761 969 775 1030 i
789 969 874 1050 (quis
889 980 973 1031 esset
985 967 1045 1043 vir,
1064 990 1158 1051 quem
1173 968 1311 1030 maxime

144 1071 288 1135 amares?
301 1074 398 1136 fidem
408 1094 523 1148 meam,
538 1074 577 1136 Ε.
593 1073 692 1157 gladii
704 1075 790 1137 rubri
803 1085 885 1137 esset
897 1073 954 1149 vir,
969 1094 1064 1155 quem
1076 1072 1213 1135 maxime
1226 1094 1311 1135 ama·

143 1181 223 1259 rem)
241 1178 329 1240 Mab.
353 1184 381 1254 l,
401 1182 474 1239 276.

229 1300 327 1362 Corn.
350 1300 467 1374 YTH,
492 1299 586 1361 ΕΤΗ
606 1302 782 1363 seeundum
804 1300 993 1384 analogiam.
1026 1299 1219 1381 Exemplum
1245 1320 1311 1361 non

143 1404 255 1488 reperi.

227 1526 355 1588 Arm0r.
373 1526 446 1588 EZ:
473 1525 524 1588 eol
542 1548 563 1588 a
581 1549 657 1611 pree
668 1529 739 1611 fier
759 1549 873 1592 manen
896 1551 972 1612 φνεῖ
995 1527 1170 1610 (jacturam
1193 1527 1309 1589 iaceres

142 1652 305 1714 magnam,
324 1629 351 1693 si
365 1652 430 1693 non
446 1629 479 1692 id
493 1630 624 1713 faceres)
639 1633 725 1697 Buh.
747 1642 819 1711 164,
839 1640 869 1697 8.

230 1759 261 1815 3.
279 1775 362 1837 pers.
394 1753 522 1816 Cambr.
546 1753 603 1816 ΕΙ.
637 1755 851 1819 Indicativus:
877 1779 920 1841 ny
942 1755 1150 1838 doethoedynt
1171 1777 1233 1838 yno
1253 1776 1310 1818 aa·

142 1880 217 1944 myn
233 1880 274 1920 or
286 1880 356 1941 ρων
370 1857 521 1941 mwyltaf
529 1880 550 1919 a
562 1860 657 1941 porei
671 1862 728 1942 bop
744 1884 787 1923 un
804 1862 947 1923 onaduat
961 1864 1040 1940 (non
1055 1860 1145 1921 ibant
1159 1859 1222 1921 nisi
1237 1882 1310 1922 cum

143 1964 221 2040 vire,
240 1985 335 2046 quem
354 1963 492 2025 maxime
513 1966 640 2027 amabat
661 1966 789 2047 quaevis
806 1968 927 2046 aarum)
944 1964 1032 2026 stab.
1054 1970 1081 2038 1,
1103 1970 1153 2025 36.
1178 1986 1220 2048 ny
1236 1965 1310 2049 eley-

141 2067 308 2132 uannhaei
316 2066 539 2152 aarystwffwl
547 2091 609 2132 reor
617 2070 733 2155 cledyf
739 2072 819 2151 (nou
830 2068 1050 2131 concrescebat
1061 2088 1119 2129 nee
1132 2068 1239 2130 clavus
1251 2090 1310 2130 nee

141 2172 283 2257 gladius)
300 2174 388 2236 Mab.
411 2180 440 2250 1,
459 2178 533 2235 247.

227 2293 478 2377 conjunctivus:
502 2317 541 2358 eu
555 2295 745 2381 hmnendyth
761 2318 835 2381 ary
851 2318 911 2378 nep
927 2295 1074 2379 epkemry
1090 2293 1214 2378 alecrey
1229 2295 1309 2375 (ma-

140 2399 347 2463 ledictionem
367 2422 468 2477 suam,
487 2400 648 2477 dixerunt,
667 2401 701 2464 in
721 2424 794 2465 eum
816 2401 850 2465 in
866 2400 1021 2477 Cambris,
1040 2398 1095 2482 qui
1111 2397 1247 2475 vitiaret,
1265 2399 1309 2461 le·

140 2508 229 2588 gem)
246 2505 324 2587 Leg.
338 2505 437 2588 praef.

228 2626 478 2691 Conditionalis:
496 2627 558 2709 pei
573 2628 723 2713 quppei
741 2651 763 2712 y
785 2628 964 2692 marchawe
984 2627 1092 2713 hynny
1111 2650 1132 2712 y
1149 2625 1242 2688 deaei
1253 2625 1310 2710 yth

139 2731 304 2818 amdtffyn
326 2732 374 2814 (si
395 2731 489 2794 sciret
510 2755 605 2815 eques
628 2733 698 2809 hoc,
724 2732 846 2796 veniret
868 2735 908 2796 ad
930 2732 1129 2795 liberandum
1152 2734 1202 2813 te)
1218 2732 1307 2793 Mab.

143 2845 172 2914 1,
193 2842 246 2898 32.

227 2942 325 3005 Corn.
354 2942 393 3005 Ε.
425 2943 582 3006 Iudicat:
618 2943 776 3026 moroyeth
808 2965 829 3005 a
860 2965 962 3026 syleae
991 2940 1145 3025 (equitare
1171 2941 1310 3022 volebat)

141 3049 235 3111 Pass.
252 3051 304 3123 28,
319 3053 350 3108 4.
377 3047 651 3130 Impcrsonaliter:
670 3069 719 3110 me
734 3071 776 3133 oy
788 3048 879 3131 qoffe
894 3048 979 3132 scyle
992 3069 1048 3109 oea
1064 3068 1137 3129 may
1144 3045 1188 3129 so
1200 3048 1310 3127 domp-

140 3175 202 3239 nys
218 3154 291 3236 (ego
313 3174 378 3215 non
399 3151 600 3216 inveniebam
621 3175 749 3216 causam
766 3153 899 3236 justam,
918 3163 954 3216 ut
977 3153 1019 3215 sit
1033 3152 1216 3231 damnatus)
1236 3156 1307 3227 142,

142 3267 175 3320 4.
209 3256 402 3339 conjunct:
426 3281 447 3342 y
471 3256 556 3321 theth
571 3279 654 3340 pesy
676 3279 749 3342 may
762 3257 849 3321 halle
864 3258 946 3337 (ivit,
964 3269 1002 3320 ut
1017 3279 1104 3319 orare
1118 3258 1238 3341 posset)
1256 3262 1308 3333 53,
1327 3262 1329 3266 “

143 3371 174 3426 3.
193 3385 211 3425 o
226 3386 247 3425 a
259 3384 405 3448 qymmys
420 3384 475 3425 ras
491 3384 565 3447 may
577 3363 676 3426 wethe
687 3365 764 3448 cors
772 3363 830 3426 lteb
840 3366 944 3448 pedry
957 3365 1080 3443 (tantae
1091 3362 1218 3426 virtutis
1230 3372 1308 3438 crat,

139 3482 358 3551 unguentum,
377 3479 414 3530 ut
429 3480 568 3531 servaret
582 3491 695 3552 corpus
711 3491 776 3532 non
791 3472 990 3552 putrescens)
1008 3475 1080 3546 235,
1101 3475 1131 3531 2.

229 3597 354 3657 Armor.
372 3594 417 3655 E:
443 3615 538 3657 aman
561 3616 614 3658 me
635 3596 745 3659 lanan
766 3619 800 3658 ez
823 3617 937 3659 manen
958 3598 1017 3658 dea
1040 3619 1061 3659 a
1082 3617 1142 3677 nep
1158 3616 1224 3677 pert
1240 3615 1311 3657 nera

138 3699 275 3783 qualeae
282 3698 340 3779 (ibi
353 3721 411 3781 ego
419 3700 505 3761 solus
517 3701 696 3776 manebam,
707 3700 802 3763 homo
813 3701 903 3763 nullo
915 3702 1008 3762 modo
1019 3721 1071 3761 me
1083 3699 1310 3780 interrogabat)

142 3804 232 3867 Buh.
254 3810 303 3880 12,
324 3809 375 3865 20.
396 3810 447 3865 21.
473 3806 529 3866 doe
551 3825 622 3867 maz
637 3826 710 3867 care
725 3806 782 3868 dre
797 3827 814 3866 e
828 3826 906 3868 asur
920 3827 972 3867 om
986 3804 1088 3887 prole
1102 3803 1205 3865 salust
1220 3803 1311 3876 (deus

142 3909 170 3973 si
191 3922 322 3985 amaret,
338 3912 396 3972 deo
412 3909 439 3970 si
454 3909 602 3991 placeret,
617 3930 673 3992 per
688 3909 863 3992 potentiam
878 3931 969 3971 suam
984 3930 1034 3970 me
1046 3908 1163 3971 laceret
1174 3906 1310 3986 salvum)

146 4021 220 4090 106,
236 4019 287 4077 23.
304 4021 355 4077 24.
373 4037 413 4077 ne
425 4015 512 4098 polle
526 4016 587 4077 den
603 4013 690 4076 elom
707 4015 786 4094 <non
802 4025 908 4096 posset
923 4012 1038 4096 aliquis
1054 4016 1195 4093 manere)
1209 4018 1261 4088 94,
1278 4017 1308 4073 2.

141 4120 184 4182 In
207 4119 443 4183 constructione
465 4118 684 4203 impersonali:
711 4142 767 4182 eoo
782 4141 832 4181 me
846 4119 942 4181 corle
957 4121 1049 4200 (tune
1064 4138 1213 4192 amarem,
1232 4116 1312 4179 mihi

141 4225 295 4307 placeret)
314 4231 386 4302 158,
407 4232 457 4286 15.
481 4246 530 4287 me
551 4224 657 4287 arethe
678 4223 785 4308 riqool
805 4246 839 4286 ez
852 4223 952 4307 follae
967 4224 1139 4304 (crederem
1159 4222 1243 4303 quod
1266 4221 1309 4283 R.

127 4330 319 4413 falleretur)
336 4338 407 4407 164,
425 4337 475 4392 12.
494 4353 514 4392 a
531 4338 559 4393 te
566 4330 711 4414 prouffe‚
726 4351 746 4393 α
763 4338 791 4393 te
799 4329 910 4413 proffe
923 4332 978 4409 (an
994 4339 1029 4390 tu
1041 4329 1188 4410 probares
1196 4326 1223 4408 l)
1239 4331 1310 4402 158,
