2896 4980
158 330 219 390 332
314 330 360 391 Il.
384 336 414 390 4.
460 348 561 392 enon.
580 349 722 391 mamm.
741 348 1165 392 ransonansassonurux.
1235 414 1238 418 ⁴

156 508 188 559 ct
214 497 422 573 substantiva,
449 498 532 559 inter
556 496 727 580 particulas
752 506 785 559 et
809 497 915 572 verba,
937 496 973 559 in
998 497 1105 559 medio
1132 496 1311 579 infigantur

155 602 261 677 etiam,
279 603 307 665 si
329 613 406 665 sunt
426 602 614 685 personalia,
632 613 703 684 post
725 600 973 684 praepositiones
995 601 1204 685 suffigantur.
1235 600 1317 679 Sum

156 706 264 789 itaque
289 707 478 789 pronomina
509 706 747 790 personalia
773 706 823 767 vel
849 706 1061 783 absoluta,
1095 706 1147 769 vcl
1173 706 1309 793 infixa,

154 812 204 874 vel
230 812 405 886 suffixa3
440 812 681 894 possessiva
706 822 739 874 et
763 810 945 874 relativa
971 823 1029 875 aut
1054 812 1234 875 absoluta
1256 832 1301 881 aar

154 916 300 979 infixa.
325 917 664 980 Demonstrativa
683 915 882 1000 pronomina,
899 915 1207 1000 interrogativa
1221 928 1294 1001 atque

154 1021 364 1103 adjectiva
390 1032 423 1085 et
447 1022 723 1097 substantiva,
752 1042 834 1103 quae
866 1021 995 1103 quidem
1026 1022 1221 1106 pronominis
1243 1023 1288 1085 rior

154 1127 343 1208 fungrmtur,
362 1126 491 1189 nonnisi
501 1126 644 1190 absolute
658 1136 833 1209 ponuntur.
863 1126 1068 1190 Pronominis
1081 1127 1246 1211 personalis
1255 1148 1285 1188 ro

153 1231 259 1293 floxivi
273 1254 340 1294 non
354 1244 402 1295 est
416 1231 542 1315 propria
556 1232 656 1294 forma
670 1230 792 1294 celtica.

238 1336 441 1399 comitantur
462 1336 643 1420 saepissime
665 1335 699 1399 in
714 1347 847 1419 utraque
862 1358 987 1419 quoque
1002 1336 1117 1420 lingua
1129 1335 1282 1419 pronomina

50 1440 54 1449 '
152 1441 331 1524 personalia
351 1452 383 1504 et
402 1442 579 1524 possessiva
599 1442 639 1504 ad
653 1440 804 1524 majorem
818 1442 986 1524 emphasin
1000 1441 1161 1525 primitus,
1178 1452 1212 1504 ut
1223 1440 1281 1502 vide

154 1560 216 1622 tur,
235 1546 330 1627 idque
352 1558 419 1609 tam
438 1546 583 1608 absoluta
601 1567 697 1628 quam
712 1546 812 1609 infixa
828 1548 878 1610 vel
892 1548 1020 1624 suffixa,
1036 1560 1133 1610 notae
1147 1547 1278 1629 quaedam.

152 1662 238 1713 orsae
266 1652 453 1734 plerumque
473 1673 514 1714 cx
534 1651 612 1734 ipsis
633 1652 890 1734 pronominibus,
914 1674 993 1735 quas
1016 1651 1122 1715 dicere
1142 1650 1280 1734 poterimus

151 1766 243 1820 notas
265 1756 454 1839 ampliantes
477 1757 528 1820 vel
549 1768 720 1839 augensem
746 1767 841 1841 atque
862 1756 1053 1841 pronomina
1065 1756 1147 1840 ipsa,
1163 1755 1190 1818 si
1202 1774 1280 1818 occur·

150 1872 227 1923 runt
245 1861 297 1923 vel
324 1861 392 1924 sine
413 1862 462 1926 his
484 1862 569 1925 notis
591 1863 640 1924 vel
662 1885 736 1926 cum
756 1862 887 1938 iisdem,
912 1874 988 1926 sunt
1008 1873 1066 1925 ant
1086 1862 1201 1926 formae
1219 1858 1279 1922 sin·

149 1966 278 2048 plicis
294 1967 817 2051 autauctaevelampliatae.
849 1964 1035 2031 Britannice
1049 1976 1277 2051 prsetaraucan

148 2082 198 2134 est
211 2070 307 2135 etiam
322 2071 499 2155 emphatica
513 2072 640 2156 propria
654 2072 753 2135 forma
769 2073 995 2156 personalium.

354 2549 386 2617 I.
441 2549 757 2624 Pronomina
794 2551 1097 2624 hibernica.

437 2748 478 2809 A.
512 2750 748 2812 Pronomina
771 2748 1012 2834 personalia.

395 2932 422 2992 1.
476 2933 669 2995 Pronomina
694 2933 871 3016 personalia
898 2934 1053 2996 absoluta.

232 3125 259 3178 l.
307 3119 535 3181 Pronomen
561 3117 716 3200 primae
737 3139 950 3201 personae.
999 3118 1091 3200 Sing.
1117 3098 1197 3180 ME:
1220 3105 1273 3174 isal

143 3223 289 3303 asapstal
300 3223 404 3305 points
420 3223 477 3305 (gl.
496 3245 553 3306 ego
569 3245 641 3285 sum
655 3223 800 3305 gentium
815 3223 991 3305 apostolus)
1007 3224 1084 3285 Wb.
1104 3219 1147 3283 51.
1172 3241 1225 3284 am.
1238 3206 1274 3276 aad

143 3346 192 3386 me
203 3325 280 3409 fc'r'n
296 3328 463 3410 (tanquam
477 3350 535 3410 ogo
556 3327 624 3410 ipse
639 3330 753 3409 essem)
771 3333 833 3390 32⁸.
857 3328 894 3391 ni
907 3330 957 3391 mai
971 3328 1062 3391 asbbo
1079 3327 1136 3409 (gl.
1155 3325 1219 3388 viro
1229 3334 1273 3381 non

142 3433 213 3510 ego)
234 3435 294 3491 19⁸.
328 3433 391 3512 (De
412 3433 646 3497 constructione
667 3433 869 3516 impersonali
891 3432 1006 3496 videsis
1027 3432 1061 3493 in
1085 3433 1178 3494 vorbo
1199 3427 1272 3492 subs·

141 3543 174 3593 et
188 3536 340 3616 syntaxi).

226 3640 313 3702 Nota
334 3662 453 3723 augens
477 3642 541 3718 SA,
566 3655 603 3706 ut
617 3642 738 3726 patebit
759 3665 799 3706 ex
817 3643 900 3707 infra
921 3640 1131 3724 sequentibus
1154 3631 1275 3720 exempli⁸

139 3746 335 3827 pronominis
357 3746 448 3809 infixi
463 3748 513 3809 vel
529 3749 648 3824 suffixi,
667 3748 718 3810 hic
734 3761 841 3811 tamen
857 3749 934 3823 -SE,
953 3748 1045 3811 -SSE
1060 3748 1102 3811 ob
1117 3742 1275 3830 praecedffi·

140 3860 204 3913 tem
219 3852 358 3915 vocalem
373 3875 400 3928 e,
414 3874 470 3934 pro
486 3876 549 3935 qua
563 3865 595 3916 et
609 3854 640 3915 ei
654 3856 688 3914 in
702 3853 761 3916 hac
772 3853 1014 3936 compositione:
1032 3852 1143 3915 robtar
1153 3851 1198 3914 ὀίε
1209 3839 1276 3930 llll

138 3957 294 4022 nioumme
316 3967 346 4020 et
367 3980 465 4020 messe
481 3959 625 4037 (suerunt
648 3959 889 4034 confamiliares,
908 3980 974 4020 non
988 3957 1074 4020 idem
1090 3968 1123 4019 et
1138 3960 1208 4040 ego)
1220 3947 1274 4012 lll·

141 4059 182 4124 ll.
206 4065 281 4127 cani
301 4086 399 4127 masse
421 4064 637 4148 r'mmosorlinp
660 4064 769 4127 cratim
791 4063 897 4126 dalila·
911 4065 1033 4145 (annon
1054 4084 1114 4145 ogo
1133 4062 1193 4126 feci
1207 4058 1275 4122 fidem

137 4168 225 4231 vobis
234 4169 258 4249 l)
278 4175 338 4232 10⁰.
364 4169 490 4234 ae'smesse
515 4170 723 4252 rophroiclcolr
753 4168 824 4231 doio
853 4171 925 4251 (cgo
953 4167 1133 4250 praedicavi
1162 4167 1217 4248 eis)
1231 4159 1274 4223 ll‘·

136 4272 212 4354 m'fll
230 4274 308 4336 acels
328 4277 396 4338 aad
416 4276 621 4338 occadradso
644 4274 718 4338 aelst
739 4274 851 4337 meisse
871 4273 997 4337 mo'inur
1019 4274 1078 4357 (gl.
1097 4295 1156 4357 ego
1175 4269 1276 4336 relictul

137 4397 208 4437 sum
223 4377 324 4459 solus)
340 4385 382 4441 5¹.
406 4381 517 4444 measse
542 4390 557 4441 7
582 4380 743 4443 caoirhore
759 4384 831 4461 (ogo
855 4392 887 4443 ct
902 4378 1047 4461 Coirbre)
1064 4380 1121 4462 Sg.
1138 4379 1183 4460 31.
1199 4386 1274 4449 marl·
