2896 4980
243 341 306 404 512
349 337 417 400 111.
435 340 466 398 2.
498 355 600 399 rtrum
617 355 814 400 anmnmvrcl
829 355 940 400 nentur
956 356 1116 400 rannerus
1132 354 1348 400 sncurvnsnrs.

242 515 377 593 nyssynt
398 528 419 589 y
435 503 554 588 deffroi
567 503 640 584 (viri
656 505 711 587 qui
726 507 892 568 voluerant
906 528 980 569 eum
996 506 1253 590 expergefacere)
1270 511 1300 583 2,
1318 512 1344 568 8.
1361 528 1393 589 oy

244 615 460 700 ellytcyoayot
473 609 591 694 eiryoet
606 611 711 695 twryf
720 611 866 674 aehawat
878 611 1021 696 dyffelyb
1035 635 1057 696 y
1072 611 1124 674 rei
1135 612 1250 697 hynny
1266 615 1340 692 (non
1352 633 1395 672 au-

245 719 392 783 diverant
405 736 547 798 unquam
563 716 732 799 strepitum
747 729 779 778 et
795 726 1014 799 tempestatem
1030 717 1129 779 talem
1145 729 1183 779 ut
1197 717 1299 799 hane)
1316 725 1341 791 1,
1354 721 1394 776 23.

245 822 341 887 dilen
361 823 420 884 oed
433 830 570 904 qantunt
584 843 627 883 na
642 820 856 906 cllywyssynt
870 820 988 905 eiryoet
1001 820 1084 884 kerd
1096 823 1211 907 kystol
1223 844 1266 884 ar
1278 823 1354 885 ador
1364 844 1399 905 ys

245 928 333 990 kann
348 929 548 1010 (persuasum
570 938 637 989 erat
657 924 713 1001 eis,
732 925 817 1006 quod
831 947 897 988 non
911 925 1109 990 audivissent
1125 949 1275 1010 unquam
1288 938 1400 989 cantum

245 1043 313 1094 tam
338 1030 507 1094 amabilem
532 1053 628 1113 quam
653 1030 761 1094 avium
786 1030 983 1113 canentium)
1003 1038 1032 1108 1,
1051 1037 1103 1095 23.
1129 1032 1255 1117 kyspys
1275 1032 1331 1094 oed
1347 1052 1399 1113 oon

247 1136 347 1218 dawp.
369 1184 376 1198 .
397 1158 467 1198 ‚na
488 1137 621 1222 welsynt
640 1136 759 1220 eiryoet
778 1157 822 1198 un
841 1137 1007 1221 wympooh
1025 1159 1065 1200 no
1079 1137 1117 1202 ti
1131 1141 1333 1221 (persuasum
1346 1146 1400 1197 erat

246 1241 358 1317 cuivis,
380 1288 387 1302 .
408 1289 415 1302 .
434 1242 519 1323 quod
539 1262 604 1303 non
626 1240 781 1304 vidissent
799 1262 944 1323 unquam
965 1242 1198 1320 formosiorem,
1217 1264 1313 1325 quam
1331 1261 1398 1314 eam,

245 1347 400 1430 puellam)
418 1351 447 1421 2,
468 1352 519 1408 27.
552 1345 697 1409 Pertinet
717 1345 780 1408 hnc
801 1346 946 1428 eglossis
961 1348 1119 1410 Luxemb.
1137 1348 1306 1422 rors'ceent,
1323 1357 1355 1408 ut
1366 1345 1400 1407 le

245 1453 387 1535 gendum
401 1452 493 1514 eredo
508 1473 564 1534 pro
580 1450 725 1513 roricsea‘
738 1450 795 1533 (gl.
814 1450 1049 1535 suleavissent).

332 1555 468 1618 Cornica
486 1567 519 1617 et
532 1556 686 1618 armorica
700 1556 845 1638 exemplo
860 1556 1025 1620 indicativi
1039 1568 1071 1620 et
1086 1557 1289 1641 conjunctivi
1302 1555 1400 1619 rariora

247 1670 335 1724 sunt.
367 1659 602 1723 conditionalis
622 1660 720 1744 hujus
743 1661 893 1744 temporis
914 1672 946 1724 et
967 1663 1187 1745 praecedentis
1210 1664 1329 1726 mixtus
1344 1661 1398 1743 jan

247 1764 511 1828 animadvertitur
528 1765 561 1827 in
582 1766 728 1849 exemplo
748 1767 905 1830 cambrieo
925 1788 1022 1849 supra
1036 1767 1135 1831 allato
1151 1768 1231 1849 (alia
1246 1776 1398 1850 sequentur

245 1869 328 1934 infra
339 1870 374 1932 in
386 1870 527 1953 syntaxi)
537 1892 544 1932 :
553 1870 612 1953 pei
621 1871 998 1956 aaqorcltymmynnussut
1007 1874 1187 1959 nysqadwn
1201 1873 1245 1957 (si
1252 1871 1395 1954 jussisses,

245 1998 312 2040 non
324 1975 573 2057 concessissem),
584 1975 640 2038 nbi
651 1978 1197 2062 nynqudwnestpronysqodosawn.
1224 1974 1397 2041 Vicissimin

246 2080 372 2145 cornico
386 2092 419 2143 et
433 2080 585 2143 annerica
599 2080 711 2164 lingua
725 2081 822 2164 hujus
835 2081 984 2165 temporis
997 2083 1115 2146 formae
1126 2083 1263 2146 omnino
1273 2083 1308 2145 in
1318 2078 1397 2164 signi-

246 2187 428 2250 ficationem
449 2185 671 2249 conditionalis
694 2186 869 2268 praesentis
885 2190 937 2268 (ut
957 2187 991 2250 in
1012 2188 1166 2251 armorica
1187 2189 1286 2252 etiam
1301 2188 1398 2250 formae

246 2292 346 2356 futuri
368 2291 560 2374 secundarii)
577 2290 782 2367 tranrsierunt,
800 2312 859 2354 nec
881 2302 930 2355 est
951 2292 1113 2355 interdum
1135 2293 1238 2358 etiam
1253 2287 1398 2356 indicativi

246 2409 279 2461 et
293 2396 489 2479 conjunctivi
503 2396 601 2479 hujus
617 2406 649 2459 et
664 2395 750 2457 illius
767 2396 916 2480 temporis
931 2397 1119 2460 differentia.

332 2502 467 2566 Comica
481 2500 638 2583 exempla.
668 2501 839 2563 Indicativi
853 2502 904 2563 vel
919 2501 1132 2584 conjunctivi:
1151 2505 1265 2590 Pedyr
1280 2527 1301 2567 a
1315 2502 1397 2565 omds

246 2632 305 2673 nos
326 2632 370 2694 yn
395 2628 477 2669 orna
493 2606 547 2669 del
560 2605 708 2688 rebeylzse
723 2608 852 2687 (Petrus
868 2606 946 2670 abiit
961 2606 1093 2669 simulac
1109 2614 1309 2690 peccaverat)
1325 2611 1396 2671 Pas.

248 2722 300 2792 86,
320 2721 349 2776 3.
376 2735 444 2774 otoo
469 2732 559 2773 mear
587 2733 623 2773 ao
649 2711 937 2795 temeratumque
958 2712 1098 2775 merthoc
1122 2714 1291 2777 rewelsens
1312 2714 1398 2794 (timor

246 2841 382 2902 magnus
398 2840 450 2880 eos
467 2816 551 2899 cepit
565 2818 605 2879 ob
621 2817 809 2880 miraculum
825 2819 909 2899 quod
925 2817 1083 2897 viderunt)
1102 2822 1175 2894 251,
1197 2826 1228 2880 4.
1256 2819 1298 2902 ef
1307 2842 1326 2880 α
1340 2818 1398 2898 drys

247 2923 417 3011 dythpueth
440 2923 481 3006 es
495 2946 560 2985 nant
580 2923 688 3005 quelse
710 2923 769 3002 (ita
783 2924 955 3005 legendum
976 2945 1032 3006 pro
1044 2922 1176 3006 pods&
1195 2923 1320 3006 juravit
1333 2917 1398 3005 qnod

247 3051 413 3113 nunquam
426 3049 499 3089 eum
511 3027 638 3107 viderit)
650 3033 702 3102 85,
715 3034 744 3089 3.
757 3035 786 3090 4.
806 3027 1054 3091 Conditionalis:
1069 3026 1263 3110 lethoupan
1276 3028 1398 3113 ethysyu

247 3158 312 3198 mes
335 3135 436 3196 elevas
456 3132 530 3217 syth
552 3132 630 3217 nytlt
646 3132 785 3196 kerrterae
801 3133 909 3215 (hodie
925 3133 950 3195 si
967 3132 1077 3195 ivisses
1093 3132 1190 3209 foraS,
1207 3136 1337 3197 morbus
1352 3151 1400 3195 non

248 3253 280 3303 te
301 3239 449 3322 cepisset)
469 3246 540 3313 157,
560 3245 590 3299 1.
616 3260 658 3300 un
680 3240 794 3302 denota
809 3263 874 3323 nesta
890 3240 1020 3301 dromon
1035 3261 1077 3321 ny
1093 3238 1149 3322 bys
1165 3240 1242 3301 deso
1258 3240 1356 3319 (hunc
1367 3234 1400 3297 vi·

247 3369 318 3409 rum
334 3368 400 3407 non
416 3344 598 3406 tulissemus
616 3343 683 3418 tibi,
703 3343 730 3404 si
745 3366 810 3405 non
825 3355 908 3406 esset
923 3343 1043 3418 malus3
1063 3345 1152 3426 drey,
1172 3344 1270 3424 ferre)
1287 3351 1338 3419 99,
1356 3348 1379 3402 2.

332 3447 564 3512 Conditionalis
576 3448 760 3529 designatus
771 3448 945 3531 praesentis
958 3447 1115 3531 primarii:
1126 3450 1256 3534 screfyo
1264 3473 1315 3534 yae
1326 3471 1345 3511 α
1356 3447 1400 3508 ten

247 3579 297 3620 me
311 3577 376 3639 opo
390 3554 533 3615 lctuurseu
543 3551 710 3632 (scriptum
722 3566 770 3615 cst
782 3564 813 3616 et
824 3553 915 3616 aliter
923 3576 981 3636 ego
989 3554 1022 3615 id
1029 3576 1094 3615 non
1103 3559 1283 3637 narrarem)
1294 3557 1332 3618 P.
1344 3556 1400 3617 153,

253 3670 280 3725 1.
305 3685 325 3724 α
341 3683 385 3744 pe
408 3680 453 3720 ow
477 3656 548 3718 theo
571 3656 670 3741 alteus)
693 3681 767 3742 aym
784 3660 963 3743 delyrssens
979 3658 1020 3741 (si
1035 3671 1118 3721 esset
1132 3660 1215 3722 mihi
1231 3661 1402 3744 populeae

248 3768 337 3832 vobis
359 3788 409 3828 me
430 3785 496 3825 uon
517 3762 705 3837 liberarent3
731 3764 818 3845 angl.
844 3763 975 3845 deliber)
995 3768 1065 3842 102,
1085 3770 1116 3827 2.
1148 3766 1236 3829 Item
1257 3759 1404 3829 indicativi

248 3887 280 3938 et
295 3869 489 3955 conjunctivi
504 3858 678 3952 praesentis
693 3869 835 3952 primarii
850 3868 1057 3951 significatio:
1076 3871 1179 3954 Pylai
1193 3894 1215 3933 α
1229 3895 1328 3957 aynae
1335 3891 1405 3955 pv)-

250 3980 300 4043 the
322 3980 445 4041 laertes
466 3977 572 4038 Jerus.
598 3975 639 4058 <ff
652 3998 673 4037 a
694 3996 785 4036 oense
804 3973 926 4057 puellae
952 3974 1060 4038 Christ
1074 3977 1128 4057 (P.
1147 3977 1280 4040 volebat
1301 3993 1406 4040 servare

248 4084 347 4146 vitam
368 4083 417 4162 J.)
436 4088 508 4156 125,
530 4089 558 4142 t.
581 4086 651 4155 127,
672 4086 701 4141 2.
725 4080 780 4141 del
800 4080 927 4142 laturae
948 4101 1049 4163 repon
1072 4102 1115 4164 ny
1137 4079 1199 4157 (ita
1219 4082 1406 4165 loquebatur,

248 4188 357 4251 orabat
373 4185 531 4262 Christus,
549 4207 606 4268 pro
626 4185 732 4264 nobis)
750 4191 802 4258 56,
822 4190 851 4246 2.
878 4184 1022 4270 kymmys
1046 4194 1097 4248 tra
1119 4208 1141 4247 a
1161 4186 1295 4250 lavor-sa
1318 4184 1408 4269 (quid-

249 4292 325 4374 quid
352 4292 554 4372 loquebatur,
578 4291 773 4371 refutabant)
793 4294 869 4365 112,
891 4296 919 4351 1.
953 4290 1007 4375 thy
1029 4290 1128 4353 wetbe
1148 4314 1217 4354 nors
1239 4291 1408 4370 kernersey

248 4395 382 4457 oberans
398 4396 585 4474 (observare,
598 4394 707 4478 jussit,
725 4418 766 4457 ne
787 4417 862 4458 eum
879 4395 1065 4477 auferrent),
1082 4396 1225 4481 Pylaia
1239 4418 1295 4461 roo
1310 4418 1368 4480 apa
1379 4412 1408 4455 ro
