2896 4980
133 340 194 399 161
296 336 345 399 11.
367 342 398 396 t.
444 350 625 398 amncrrva
642 353 846 397 nmmsmrca
862 350 1134 396 rnosoxmanra.

134 509 176 571 sit
190 508 300 587 homo)
312 504 398 569 Bub.
414 511 467 580 56,
485 512 535 565 lt.
552 502 733 587 ouzoachay
745 503 861 587 qoalea
876 524 897 565 a
908 500 1041 585 menaff
1050 548 1059 562 .
1078 548 1086 562 .
1096 497 1158 582 pia
1168 498 1268 561 eotider

135 613 193 675 hoe
207 621 338 696 querant
349 615 380 689 (e
395 609 484 673 vobis
495 631 644 692 quaerere
655 609 737 683 volo,
751 607 807 689 qui
819 607 884 670 sint
894 619 1044 690 parentes
1056 605 1164 687 vestri)
1177 612 1220 679 36,
1231 610 1266 665 tt.

223 718 296 780 PE:
315 739 360 798 pe
379 716 496 779 leueret
515 714 579 798 hay
602 713 693 795 (quid
715 713 821 775 dicitis
843 712 935 793 vost)
950 712 1039 775 Buh.
1060 718 1121 772 166
1128 759 1138 787 ,
1158 719 1185 772 1.
1201 720 1268 793 petra

136 822 262 905 (quidt)
279 830 310 895 6,
331 829 360 883 1.
371 831 468 904 petra
482 842 578 882 neuez
593 818 685 900 (quid
700 819 809 899 nevil)
826 825 879 895 56,
899 825 950 880 16.
970 825 1022 894 ll,
1044 824 1073 878 1.
1089 823 1270 898 petraamd

136 927 228 1010 (quid
242 927 318 990 boni
328 926 352 1007 ἶ)
368 932 418 1003 lS,
434 930 486 987 20.
503 925 593 989 senet
600 925 698 1007 pede:
713 945 854 1006 anaqam
870 945 905 986 so
916 925 981 987 dan
993 924 1055 986 den
1066 944 1141 985 man
1153 943 1194 983 aa
1200 921 1270 1003 pelea

137 1043 193 1097 tan
214 1056 235 1096 a
254 1056 331 1116 qoez
354 1080 361 1093 .
382 1080 389 1092 .
410 1079 418 1092 .
436 1031 556 1099 (videte
576 1050 658 1111 quae
678 1029 809 1092 afflictio
830 1028 873 1090 sit
894 1028 969 1091 huic
998 1027 1068 1090 viro
1088 1040 1122 1090 et
1142 1026 1196 1109 qui
1212 1024 1272 1108 ignis

137 1140 230 1201 cadat
248 1186 256 1199 .
277 1186 284 1199 .
306 1154 331 1217 .)
349 1142 421 1211 196,
444 1142 492 1196 15.
514 1140 564 1195 16.
596 1134 706 1197 Subst.
718 1143 787 1216 pet,
804 1155 867 1215 pez
882 1136 959 1214 (res)
974 1132 1053 1195 item
1072 1154 1129 1215 per
1147 1154 1180 1195 se
1196 1131 1272 1194 solun

137 1244 350 1325 interrogans:
369 1263 408 1303 ne
419 1262 498 1323 qous
506 1247 566 1320 pet
576 1261 656 1321 ques
671 1239 791 1321 (nescio
806 1260 869 1321 qua
883 1237 966 1317 viee)
982 1237 1070 1299 Bub.
1090 1243 1142 1314 84,
1160 1244 1207 1299 80.

224 1348 331 1411 Etiam
352 1347 541 1409 annoricum
560 1344 834 1426 interrogativum,
850 1356 889 1405 ut
908 1342 1106 1405 cambricum
1119 1354 1152 1405 et
1165 1339 1273 1404 biberni-

137 1475 222 1529 cum,
240 1451 398 1517 antecedit
417 1449 696 1534 praepositionem:
720 1470 771 1511 me
784 1470 856 1511 men
875 1455 1012 1530 qouwat
1024 1469 1071 1528 pe
1085 1445 1174 1509 alech
1187 1468 1234 1509 000
1244 1466 1272 1506 aa

130 1555 245 1639 pelecli
256 1579 291 1617 ez
302 1555 365 1639 aly
373 1554 459 1635 (volo
471 1554 550 1616 scire
561 1576 601 1616 ex
612 1575 675 1636 quo
686 1554 756 1617 loco
766 1553 889 1616 venerit
895 1564 929 1615 et
935 1551 970 1614 in
978 1573 1077 1634 quem
1083 1552 1187 1616 locum
1193 1552 1272 1628 vadat)

139 1660 225 1723 Buh.
241 1667 293 1735 31,
309 1664 360 1722 26.
377 1665 428 1721 21.
443 1681 542 1742 perae
556 1682 599 1723 na
612 1681 776 1722 samanae
787 1662 930 1743 (propter
943 1657 1022 1744 quid
1037 1679 1105 1723 non
1118 1656 1273 1725 sermocina-

137 1766 215 1846 rint)
232 1772 284 1840 56,
303 1771 333 1827 s.

398 2005 434 2067 F.
481 2004 703 2088 Adjectiva
724 2003 1043 2088 pronominalia.

226 2190 416 2254 Praesertim
432 2191 484 2254 hic
498 2190 549 2254 011
560 2190 669 2271 (alius)
685 2191 863 2253 notandum
877 2211 951 2252 eum
963 2188 1074 2252 formis
1086 2187 1153 2251 suis
1164 2182 1273 2255 vanati,

139 2293 214 2356 dein
236 2295 283 2357 011
295 2296 445 2377 (omnis),
465 2318 556 2378 paup
571 2295 721 2379 (quivis),
738 2317 800 2378 nep
814 2294 974 2377 (aliquis),
992 2292 1213 2357 concordantia
1224 2306 1275 2353 cum

139 2398 310 2462 hibernicis
325 2401 399 2476 aile,
417 2400 493 2477 uile,
512 2400 600 2477 011011,
618 2400 707 2463 need.

226 2505 313 2567 ALL
334 2504 468 2586 simplex
489 2505 617 2567 nonnisi
640 2506 674 2566 in
697 2503 878 2587 compositis
899 2503 1040 2580 obvium,
1059 2516 1099 2567 ut
1114 2503 1182 2587 jam
1198 2501 1276 2563 inne

141 2608 226 2669 minc
241 2620 366 2671 vetusto
381 2609 494 2690 gallico
509 2610 696 2694 Allobroqes
712 2615 758 2694 (p.
775 2615 861 2692 226),
877 2610 973 2673 etiam
985 2609 1019 2671 in
1031 2609 1184 2672 hodierna
1194 2606 1276 2687 linga

140 2713 305 2775 cambrica.
340 2715 379 2775 ln
397 2716 474 2798 Leg.
493 2715 608 2790 clidat,
627 2717 743 2779 alldud
756 2716 958 2799 (alienigena,
976 2738 1043 2779 non
1062 2716 1208 2793 camber)
1222 2714 1275 2771 ll·

142 2824 201 2893 323
221 2824 251 2880 2.
271 2826 307 2893 6;
333 2824 385 2895 27,
403 2831 436 2882 et
455 2820 489 2882 in
510 2820 580 2882 aliis
602 2821 748 2903 plurimis
769 2821 846 2883 locis
867 2820 1061 2883 enumeratis
1082 2818 1227 2882 inindice
1240 2810 1278 2876 sul

140 2944 215 2985 voce
231 2923 345 2999 alltad,
364 2925 480 3008 scripta
495 2925 602 2987 minus
618 2927 697 2988 bene
712 2927 752 2988 ob
767 2925 972 2989 inchoantem
987 2935 1000 2989 1
1013 2925 1250 2988 destituendam.

227 3029 441 3092 Cambrica
462 3031 563 3093 forma
582 3031 743 3113 duplicata
758 3031 841 3113 sing.
858 3032 1020 3107 ARALL,
1039 3030 1125 3113 plur.
1144 3020 1279 3092 EREuL

142 3134 195 3213 (cf.
215 3134 338 3196 hibern.
356 3146 418 3197 vet.
436 3136 550 3211 araile,
565 3136 675 3211 aratu,
694 3159 751 3219 pro
766 3137 876 3213 010111,
891 3136 994 3211 011111,
1009 3157 1043 3219 p.
1060 3138 1150 3217 365),
1165 3145 1217 3196 aut
1230 3144 1280 3193 eum

141 3238 348 3302 substantivis
370 3241 411 3302 ad
432 3240 531 3303 instar
552 3241 709 3323 adjectivi,
727 3254 785 3304 aut
804 3264 860 3325 pcr
882 3240 1014 3304 sescla:
1044 3260 1081 3301 or
1090 3239 1231 3323 fireaarm
1249 3228 1281 3295 111

141 3343 248 3405 chad.
267 3344 364 3407 claud
376 3344 460 3409 m'lit
474 3346 676 3430 dt'rstnnaun
692 3348 782 3410 arall
794 3350 827 3429 (a
838 3347 925 3409 fonte
937 3348 978 3409 ad
989 3345 1119 3418 fossam,
1135 3341 1282 3405 secundun

142 3446 258 3509 fossam
274 3450 313 3509 ad
328 3447 449 3511 fontem
464 3451 576 3532 alium)
594 3451 664 3514 Lib.
684 3454 786 3514 Laud.
807 3458 878 3513 149.
899 3452 948 3513 tet
954 3472 1044 3533 pena
1055 3450 1135 3532 foss
1151 3448 1184 3511 in
1197 3444 1283 3528 1111111

142 3550 272 3615 divinia
285 3551 338 3613 dir
351 3562 436 3633 pant
456 3556 544 3619 arall
557 3558 724 3637 (usquead
740 3556 869 3619 initium
884 3556 985 3618 fossae
1000 3554 1036 3616 in
1051 3553 1188 3616 cavitate
1201 3563 1283 3613 versut

142 3665 284 3720 montem
310 3658 350 3719 ad
376 3657 543 3722 cavitatem
568 3661 677 3741 aliam)
701 3661 777 3723 ibid.
800 3669 870 3722 150.
899 3658 1079 3723 marchawc
1108 3657 1198 3721 arall
1214 3653 1284 3736 (aliut

143 3764 253 3846 eques)
269 3764 357 3826 Mab.
379 3770 407 3839 1,
428 3769 500 3826 240.
523 3788 566 3849 yn
582 3766 624 3828 lle
638 3767 728 3829 arall
740 3765 787 3846 (in
803 3766 865 3828 alio
881 3766 963 3846 loeo)
982 3772 1011 3841 1,
1032 3772 1083 3825 15.
1103 3769 1178 3825 256.
1195 3783 1243 3824 am
1255 3756 1285 3818 lt

144 3868 217 3932 theu
238 3868 331 3932 era'll
343 3870 396 3950 (de
418 3870 489 3933 aliis
512 3871 619 3951 rebus)
638 3876 666 3946 1,
690 3877 740 3932 34.
761 3871 930 3954 qwladoed
951 3868 1046 3932 ereill
1065 3869 1174 3950 (aliae,
1191 3876 1286 3929 cetera

142 3973 300 4057 regiones)
318 3979 352 4050 2,
373 3981 445 4037 201.
470 3974 547 4038 areli
567 3998 588 4059 y
608 3975 774 4060 pennyfy
796 3975 910 4039 arthur
932 3977 1031 4060 dyuot
1051 3997 1090 4036 ae
1113 3975 1156 4057 ef
1169 3958 1289 4034 0011111

143 4079 302 4163 (praecipe
317 4081 421 4143 deme
437 4080 582 4156 Arthuri,
600 4091 657 4142 aut
671 4080 778 4143 veniat
793 4081 860 4164 ipse
876 4092 931 4143 aut
947 4080 1044 4162 alius)
1064 4087 1092 4154 1,
1113 4083 1187 4140 212.

228 4184 404 4247 Cornice
424 4196 457 4247 et
476 4184 674 4247 armoriae
696 4185 782 4248 item.
798 4187 913 4249 Com:
929 4184 1051 4268 qareck
1062 4185 1182 4247 arella
1194 4182 1289 4259 1001111

144 4289 220 4369 (alia
235 4288 349 4351 mulier
364 4289 459 4370 dixit)
476 4291 565 4353 Pass.
586 4296 637 4365 8-1,
658 4297 687 4351 3.
709 4291 783 4373 pull
802 4291 860 4353 toll
874 4291 963 4353 arcll
975 4314 1017 4375 ny
1034 4313 1137 4375 cyane
1152 4280 1290 4371 (aliudta

143 4414 253 4456 tamen
268 4393 370 4457 fucere
385 4394 549 4476 nolebant)
565 4402 636 4471 1⁸0,
653 4402 682 4457 3.
701 4417 736 4457 ra
748 4395 829 4459 orell
838 4395 918 4476 (alii,
932 4417 1039 4477 genua
1049 4394 1222 4471 flexerunt)
1237 4392 1289 4453 195,
